3060 5078
241 344 282 403 46
510 402 518 413 ὃ
623 336 701 377 DIAL.
718 336 757 378 111.
775 336 814 376 DE
829 337 881 376 IRA
896 335 950 378 LIB.
967 337 984 378 1.
1000 341 1033 380 11.
1049 340 1082 379 12.

240 483 335 547 uallat
358 492 390 545 et
413 482 542 545 includit
565 481 700 557 hostem,
725 503 763 543 eo
788 482 935 564 conpulit,
968 491 1002 544 ut
1032 482 1115 544 ferro
1143 484 1201 564 ipsi
1224 503 1282 544 suo
1305 481 1471 548 caderent.

239 611 304 651 non
334 598 382 651 est
410 590 516 670 itaque
547 589 628 651 utilis
660 609 700 650 33
730 591 761 650 13
790 590 916 670 proeliis
947 591 1076 670 quidem
1106 599 1161 651 aut
1199 588 1288 651 bellis
1327 590 1381 651 ira.
1438 589 1508 655 int}

238 697 449 758 temeritatem
481 699 563 759 enim
594 717 696 778 prona
726 706 789 772 est,
821 706 852 758 et
883 697 1019 780 pericula
1050 699 1127 760 dum
1158 697 1270 759 inferre
1292 696 1376 771 uult,
1403 717 1469 757 non

239 812 338 867 cauet.
384 803 444 884 1113ι
459 805 631 865 certissima
661 812 710 864 est
741 805 837 864 uirtus
867 825 949 884 quae
979 825 1013 866 se
1037 805 1090 865 diu
1114 803 1310 885 multumque
1333 804 1467 865 circum-

212 911 344 991 sspexit
368 919 400 971 et
424 911 506 971 rexit
529 919 561 971 et
585 931 627 971 ex
650 909 738 971 lento
762 931 799 971 ac
823 911 982 972 destinato
1005 913 1161 992 prouexit.

327 1016 396 1079 XII.
421 1016 507 1097 Quid
540 1020 638 1097 ergo?
670 1018 784 1098 inquit,
825 1019 871 1078 uir
901 1018 1005 1079 bonus
1036 1038 1100 1079 non
1128 1019 1293 1092 irascetur,
1326 1017 1352 1078 si
1376 1017 1504 1080 caedit

238 1131 362 1206 patrem
385 1144 476 1192 suum
505 1125 631 1198 uiderit,
664 1125 690 1185 si
713 1125 780 1204 rapi
803 1127 958 1185 matrem?
1004 1145 1068 1185 non
1095 1126 1260 1198 irascetur,
1284 1124 1341 1185 sed
1365 1123 1468 1184 uindi-

239 1230 338 1304 cabit,
369 1231 427 1291 sed
449 1231 595 1293 tuebitur.
655 1231 730 1309 quid
758 1239 864 1291 autem
895 1232 1003 1305 times,
1042 1251 1082 1292 ne
1117 1252 1228 1312 parum
1259 1249 1396 1310 magnus
1428 1227 1472 1291 illi

238 1336 381 1398 stimulus
412 1339 507 1399 etiam
538 1339 604 1398 sine
634 1338 679 1398 ira
708 1338 809 1418 pietas
832 1338 892 1398 sit?
931 1346 984 1398 aut
1015 1339 1066 1399 dic
1089 1338 1204 1399 eodem
1236 1337 1354 1398 modo:
1392 1337 1470 1416 quid

201 1465 224 1503 111
240 1447 335 1524 ergo?
377 1464 449 1505 curn
481 1445 586 1505 uideat
617 1445 716 1505 secari
738 1453 862 1525 patrem
890 1466 981 1505 suum
1005 1443 1159 1519 filiumue,
1190 1445 1236 1505 uir
1265 1443 1370 1504 bonus
1403 1464 1473 1505 non

239 1549 326 1612 flebit
342 1571 400 1612 nec
414 1550 571 1632 linquetur
594 1553 720 1612 animo?
744 1572 825 1631 quae
841 1552 984 1613 accidere
1005 1550 1127 1613 feminis
1144 1552 1295 1624 uidemus,
1318 1548 1473 1631 quotiens

238 1656 305 1718 11135
328 1656 405 1718 13315
420 1657 548 1739 periculi
570 1658 705 1738 suspicio
728 1657 868 1738 perculit.
907 1656 1011 1719 officia
1030 1679 1086 1720 sua
1109 1659 1155 1720 uir
1170 1658 1274 1719 bonus
1290 1665 1474 1738 exequetur
1493 1664 1510 1716 2

238 1764 434 1844 inconfusus,
467 1765 647 1846 intrepidus.
694 1773 725 1825 et
756 1766 801 1826 sic
838 1765 927 1825 bono
959 1766 1027 1827 uiro
1061 1766 1157 1845 digna
1186 1764 1296 1839 faciet,
1326 1772 1366 1824 ut
1395 1762 1474 1825 311111

238 1868 1471 1951 ηωυπὶώῃω.ωωαππηάώώω.ωω5ωι

201 1995 224 2033 11
239 1959 395 2058 exequar,
420 1979 492 2058 quia
516 1986 660 2059 oportet,
684 1998 748 2039 non
780 1979 852 2058 quia
885 1977 981 2041 dolet.
1027 1959 1199 2040 irascuntur
1226 1978 1303 2039 boni
1326 1978 1386 2038 uiri
1410 1983 1511 2059 pro3

239 2105 368 2145 suorum
402 2085 525 2147 iniuriis.
571 2104 643 2145 curn
674 2083 738 2146 hoc
768 2086 857 2159 dicis,
889 2083 1129 2166 Theophrasto,
1162 2085 1284 2165 quaeris
1317 2085 1475 2146 inuidiam

238 2192 414 2272 praeceptis
445 2190 624 2252 fortioribus
656 2199 688 2252 et
718 2191 826 2252 relicto
862 2192 963 2253 iudice
993 2192 1035 2253 ad
1066 2210 1218 2253 coronam
1250 2191 1347 2255 uenis.
1398 2192 1477 2272 quia

239 2299 450 2378 unusquisque
480 2299 511 2358 in
543 2299 696 2359 eiusmodi
719 2318 849 2359 suorum
872 2318 946 2359 casu
969 2299 1125 2373 irascitur,
1157 2305 1250 2379 putas
1273 2297 1476 2360 iudicaturos

238 2393 383 2465 1101311133
406 2405 438 2465 id
461 2404 527 2465 fieri
550 2403 683 2479 debere,
714 2405 801 2485 quod
824 2404 947 2467 faciunt.
995 2404 1060 2466 1313
1088 2406 1170 2467 33113
1193 2405 1309 2466 1331313
1333 2407 1475 2486 quisque

198 2534 225 2574 10
238 2510 398 2573 adfectum
419 2511 543 2586 iudicat,
566 2531 661 2591 quem
685 2513 860 2592 adgnoscit.
900 2513 957 2573 sed
981 2513 1066 2574 idem
1089 2511 1213 2587 faciunt,
1236 2512 1262 2573 si
1285 2511 1380 2572 calda
1404 2521 1511 2574 3034

237 2617 321 2679 bene
351 2617 536 2698 praebetur,
567 2618 592 2679 si
623 2619 756 2679 uitreum
784 2618 918 2680 fractum
942 2628 1007 2694 est,
1038 2621 1063 2680 si
1093 2618 1216 2680 calceus
1248 2617 1315 2679 luto
1338 2638 1474 2699 sparsus

239 2733 294 2786 est.
341 2743 405 2785 non
435 2725 536 2805 pietas
566 2723 651 2785 illam
682 2726 775 2800 iram,
807 2727 864 2787 sed
895 2725 1057 2788 infirmitas
1080 2734 1210 2800 mouet,
1243 2726 1323 2786 sicut
1351 2726 1473 2806 pueris,

238 2832 291 2911 qui
313 2840 380 2892 tam
403 2831 585 2912 parentibus
609 2831 729 2893 amissis
752 2831 873 2892 flebunt
895 2852 991 2912 quam
1019 2832 1157 2895 nucibus.
1203 2832 1292 2894 irasci
1319 2851 1382 2912 pro
1407 2832 1507 2893 53155

239 2959 303 3000 303
327 2946 375 2998 351
397 2939 439 3019 pii
463 2938 572 3012 animi,
603 2937 660 3012 sed
684 2936 811 3001 infirmi.
861 2936 937 2999 illud
967 2937 1133 3020 pulchrum
1164 2938 1377 3018 dignumque,
1409 2958 1471 3020 pro

198 3064 225 3103 25
239 3045 434 3125 parentibus,
457 3044 575 3119 liberis,
600 3045 716 3118 3311315,
748 3044 866 3106 ciuibus
893 3045 1020 3126 prodire
1044 3043 1244 3107 defensorem
1267 3045 1337 3125 ipso
1363 3043 1472 3106 officio

239 3153 390 3225 ducente,
422 3151 600 3225 uolentem,
631 3151 837 3225 iudicantem,
868 3152 1105 3232 prouidentem,
1144 3172 1208 3212 non
1246 3149 1405 3232 inpulsum
1438 3158 1470 3213 et

239 3256 392 3318 rabidum.
440 3255 540 3317 nullus
571 3258 653 3317 enim
686 3256 828 3318 adfectus
859 3257 1036 3319 uindicandi
1067 3258 1208 3338 cupidior
1231 3265 1279 3320 est
1302 3278 1401 3337 quam
1424 3259 1471 3320 ira

240 3372 272 3424 et
296 3362 338 3423 ob
370 3363 402 3423 id
434 3363 536 3443 ipsum
568 3363 608 3424 ad
640 3363 862 3424 uindicandum
886 3362 1047 3425 inhabilis:
1082 3365 1270 3446 praerapida
1293 3371 1325 3425 et
1349 3384 1469 3439 331335,

240 3610 254 3660 1
275 3607 366 3660 malim
384 3610 467 3658 hostes
481 3616 600 3679 propter
618 3609 785 3679 insequentia
870 3609 886 3662 2
905 3603 992 3684 pretiis*
1078 3597 1148 3675 ’6131
1169 3610 1189 3677 (1
1208 3625 1245 3662 ex
1264 3609 1380 3676 doorr.)

240 3699 356 3746 irascetur
374 3693 512 3750 Muretus:
534 3701 646 3749 irascitur
772 3698 789 3751 7
806 3705 878 3763 patre
898 3700 936 3765 (in
955 3700 1022 3766 ras.)
1139 3699 1173 3751 10
1191 3700 1279 3748 uiderit
1298 3697 1472 3752 commendat

242 3801 332 3869 Gertz,
352 3801 502 3856 1131311313
521 3803 634 3874 Neapol.
733 3805 767 3856 12
786 3797 1012 3875 3133331331,
1034 3803 1125 3872 Gertz,
1144 3803 1227 3875 uulqo
1246 3807 1385 3870 exsequitur

241 3911 273 3962 15
297 3909 414 3978 exiequar
522 3915 657 3961 irascuntur
675 3913 736 3961 boni
754 3914 800 3962 uiri
825 3929 870 3977 pro
889 3929 987 3962 suorum
1007 3914 1099 3962 iniuriis
1116 3927 1187 3981 quae
1200 3912 1226 3964 in
1240 3909 1335 3964 codice
1348 3910 1470 3982 etnnlqo

240 4034 368 4105 loquutur
385 4033 462 4103 infra
483 4039 515 4088 20
529 4042 595 4106 post
609 4008 727 4100 ¹agnoscit
745 4034 798 4089 11110
816 4037 958 4089 reuocauit
976 4033 1059 4089 ¹Gertz
1179 4035 1211 4088 16
1230 3994 1377 4102 theopiaste

240 4158 274 4211 20
294 4161 385 4210 31133111
494 4143 625 4226 adgnoscit
737 4159 771 4211 22
790 4145 926 4228 infirmatas
945 4164 1092 4229 (superscr.
1111 4160 1131 4226 i)
1215 4158 1272 4212 ·2t
1291 4160 1345 4209 illut
1359 4163 1379 4223 (1
1398 4175 1471 4214 corr.

240 4265 267 4317 in
287 4266 312 4331 d)
453 4265 486 4317 26
506 4268 609 4316 ducente
629 4267 655 4331 (n
673 4281 745 4319 corr,
759 4260 803 4319 ‘ex
821 4266 857 4332 m)
984 4267 1114 4325 ,uolentem
1134 4264 1213 4322 dett:
1224 4253 1332 4316 'uolente

240 4353 274 4405 27
294 4357 393 4405 affectus
532 4353 566 4407 28
585 4355 702 4404 inhabilis
721 4361 755 4404 est
777 4351 859 4407 Gertz
996 4355 1144 4420 praerapida
1163 4352 1300 4418 Muretus,
1320 4356 1471 4420 praerabida

240 4439 402 4496 Pincianus:
422 4444 583 4507 praerapidus
