3046 5092
1152 205 1164 232 Ι

335 329 414 370 DIAL.
431 327 467 370 VI.
496 327 538 368 AD
556 326 697 368 MARClnM
713 327 752 367 DE
767 304 1009 369 CONSOLATIONlc.
1040 328 1072 371 13.
1089 329 1121 371 14.
1278 331 1338 393 135

109 479 168 560 qui
197 475 303 538 colere
335 476 414 537 deos
444 493 484 534 ne
508 475 604 535 iratos
628 473 754 554 quidem
780 474 906 535 destitit.
953 475 1036 536 idem
1061 481 1168 536 tamen
1192 483 1226 535 ut
1249 473 1340 535 rediit

109 585 258 658 domum,
282 591 314 644 et
337 580 466 664 inpleuit
489 579 598 642 oculos
621 588 654 641 et
677 578 795 661 aliquas
812 600 907 641 uoces
924 579 1042 665 flebiles
1059 581 1142 642 misit
1158 588 1190 642 et
1205 580 1340 661 peractis

108 711 196 772 quae
228 709 299 751 mos
329 698 396 750 erat
427 695 588 769 praestare
619 685 788 760 defunctis,
820 688 860 747 ad
888 683 1100 767 Capitolinum
1131 685 1218 748 illum
1249 686 1340 748 rediit
1433 738 1436 747 .

68 802 87 855 3
107 796 246 860 uoltum.
293 772 406 857 Paulus
429 795 511 856 circa
533 791 602 855 illos
625 792 807 854 nobilissimi
830 793 978 874 triumphi
1002 794 1085 867 dies,
1114 813 1177 874 quo
1202 794 1339 855 uinctum

107 913 188 966 ante
221 876 344 965 curium
370 901 435 981 egit
458 900 590 974 Persen,
622 902 703 962 duos
725 898 805 961 filios
828 901 859 961 in
882 901 1091 981 adoptionem
1116 899 1212 962 dedit.
1258 915 1366 980 quos5
1437 975 1440 980 Ι

107 1011 173 1072 sibi
196 1018 386 1083 seruauerat,
410 1005 532 1070 extulit
578 1005 686 1087 quales
709 1015 850 1068 retentos
873 1016 974 1087 putas,
997 1026 1069 1068 cum
1093 1008 1172 1069 inter
1196 1025 1336 1068 commo-

108 1119 211 1179 datos
226 1115 331 1197 Scipio
355 1114 481 1177 luisset?
506 1133 570 1174 non
594 1114 659 1174 sine
684 1120 774 1173 motu
798 1133 930 1174 uacuum
948 1113 1034 1175 Pauli
1057 1134 1180 1176 currum
1205 1112 1339 1195 populus

105 1225 280 1286 Romanus
301 1223 456 1303 adspexit.
488 1221 687 1282 contionatus
711 1228 759 1281 est
782 1228 889 1282 tamen
913 1222 1025 1298 etegit
1041 1221 1089 1282 dis
1105 1221 1229 1301 gratias
1252 1221 1340 1300 quod

95 1350 238 1411 -conpos
267 1331 333 1391 uoti
363 1328 463 1407 sactus
494 1336 595 1389 esset:
626 1335 789 1407 precatum
813 1327 896 1388 enim
920 1348 969 1401 se,
1001 1335 1051 1402 ut,
1081 1328 1107 1389 si
1129 1328 1204 1409 quid
1228 1327 1271 1387 ob
1293 1328 1338 1388 in-

104 1445 244 1518 gentem
279 1436 443 1498 uictoriam
478 1433 613 1495 inuidiae
649 1434 789 1495 dandum
821 1444 920 1508 esset,
956 1434 988 1494 id
1019 1454 1078 1495 suo
1109 1436 1213 1516 potius
1244 1446 1380 1515 quam1⁰

62 1543 242 1626 lpublico
276 1544 395 1604 damno
417 1540 613 1602 ‘solueretur
659 1541 748 1600 uides
785 1560 881 1620 quam
919 1560 1037 1621 magno
1073 1541 1180 1604 animo
1215 1541 1339 1603 tulerit?

105 1650 243 1713 orbitati
273 1669 347 1712 suae
378 1646 552 1728 gratulatus
582 1656 638 1709 est.
685 1656 717 1707 et
748 1667 843 1727 quem
873 1649 974 1735 magis
996 1656 1123 1728 poterat
1152 1667 1340 1730 permonere

104 1766 204 1820 tanta
234 1756 386 1818 mutatio?
418 1752 534 1815 solacia
557 1751 649 1814 simul
672 1760 767 1833 atque
791 1751 906 1814 auxilia
928 1754 1074 1835 perdidit.
1120 1775 1185 1815 non
1207 1756 1341 1834 contigit

104 1874 223 1954 tamen
245 1863 367 1924 tristem
391 1860 522 1922 Paulum
546 1859 631 1920 Persi
654 1860 770 1920 uidere.

20 2014 24 2019 .
64 1975 80 2026 1
204 1968 289 2031 XIV.
336 1967 422 2048 Quid
454 1987 536 2028 nunc
566 1975 599 2029 te
630 1987 686 2046 per
716 1966 953 2029 innumerabilia
983 1987 1171 2048 magnorum
1202 1969 1341 2029 uirorum
1358 1979 1381 2019 ¹⁵
1449 2042 1451 2047 Ι

106 2075 265 2156 exempla
302 2076 417 2136 ducam
456 2082 487 2134 et
526 2093 676 2153 quaeram
715 2073 861 2146 miserm,
900 2076 989 2154 quasi
1025 2095 1089 2135 non
1120 2073 1271 2136 difficilius
1302 2075 1342 2135 sit

105 2185 251 2245 inuenire
286 2180 411 2244 felices?
450 2189 549 2259 quota
585 2180 667 2240 enim
699 2199 843 2260 quaeque
874 2182 989 2242 domus
1019 2202 1117 2263 usque
1147 2184 1188 2243 ad
1220 2183 1341 2244 exitum

107 2289 262 2351 omnibus
283 2287 425 2370 partibus
448 2286 509 2347 suis
533 2287 693 2348 constitit?
722 2286 752 2346 in
776 2306 838 2366 qua
860 2307 924 2348 non
948 2287 1064 2369 aliquid
1087 2287 1248 2351 turbatum
1273 2291 1341 2349 est?

107 2417 212 2459 unum
234 2393 406 2477 quemlibet
429 2412 545 2454 annum
569 2412 690 2475 occupa
713 2403 746 2455 et
768 2414 810 2455 ex
831 2414 870 2456 eo
888 2396 1089 2475 magistratus
1106 2397 1182 2458 cita:
1209 2395 1341 2456 Lucium

107 2505 138 2566 si
162 2503 209 2565 uis
230 2501 376 2564 Bibulum
408 2509 440 2561 et
472 2496 506 2561 C.
531 2499 708 2561 Caesarem.
756 2500 877 2563 uidebis
907 2503 987 2564 inter
1010 2502 1149 2583 collegas
1172 2503 1340 2563 inimicissi-
1355 2512 1381 2551 2⁰

67 2618 186 2673 amos
209 2609 402 2671 concordem
425 2606 603 2668 fortunam:
630 2606 667 2667 L.
692 2607 806 2682 Bibuli,
839 2607 975 2670 melioris
998 2630 1095 2689 quam
1118 2608 1254 2671 fortioris
1277 2610 1341 2684 uiri,

109 2718 179 2779 duo
214 2714 305 2778 simul
343 2713 395 2775 filii
426 2712 581 2775 interlecti
610 2723 698 2787 sunt,
730 2713 897 2796 Aegyptio
928 2716 1057 2796 quidem
1089 2715 1176 2778 militi
1207 2715 1342 2778 ludibrio

108 2822 227 2897 habiti,
257 2829 292 2883 ut
324 2841 388 2882 non
417 2822 520 2882 minus
543 2820 610 2901 ipsa
633 2820 770 2882 orbitate
794 2829 904 2883 auctor
927 2823 992 2883 eius
1015 2822 1112 2902 digna
1135 2832 1183 2884 tes
1207 2821 1342 2884 lacrimis
1422 2892 1429 2908 ,

108 2939 206 2993 esset.
252 2927 381 2991 Bibulus
415 2935 539 3000 tamen,
579 2927 631 3006 qui
667 2935 737 2988 toto
769 2926 898 2989 honoris
929 2929 975 2989 sui
1005 2949 1088 2991 anno
1120 2930 1163 2990 ob
1194 2929 1341 2991 inuidiam

109 3035 255 3116 collegae
280 3035 366 3096 domi
390 3033 531 3108 latuerat,
555 3042 686 3113 postero
710 3034 760 3094 die
783 3054 879 3114 quam
901 3036 1062 3115 geminum
1077 3034 1169 3097 funus
1184 3029 1339 3097 renuntia·
1356 3046 1381 3086 '2⁵

108 3153 181 3206 tum
213 3150 278 3217 est,
311 3141 464 3222 processit
500 3141 541 3200 ad
572 3139 664 3202 solita
695 3141 815 3220 imperii
846 3140 956 3203 officia
1002 3144 1070 3223 quis
1102 3143 1203 3204 minus
1233 3149 1342 3223 potest

108 3269 209 3332 quarn
240 3269 337 3310 unum
369 3249 453 3311 diem
485 3247 609 3310 duobus
632 3246 700 3309 filiis
724 3249 820 3310 dare?
852 3258 918 3311 tam
942 3251 1005 3311 cito
1028 3250 1199 3312 liberorum
1222 3249 1341 3312 luctum
1373 3295 1375 3298 ι

70 3356 226 3430 3finiuit‚
258 3356 312 3437 qui
342 3353 540 3416 consulatum
568 3375 652 3416 anno
675 3353 807 3418 luxerat.
855 3355 888 3418 C.
914 3355 1125 3419 Caesareum
1148 3357 1341 3418 Britanniam

112 3588 127 3638 ’1
148 3586 222 3636 rediit
241 3583 323 3640 dart:
344 3585 407 3635 redit
497 3585 513 3636 ‘2
533 3585 627 3649 aliquas
647 3584 764 3651 (quasin
783 3585 851 3651 ras.)
943 3585 958 3636 3
978 3587 1049 3635 rediit
1068 3587 1160 3636 uultum
1180 3586 1259 3643 dett:
1281 3589 1342 3636 redit

109 3676 182 3726 uultu
274 3673 290 3725 5
309 3673 388 3723 incliti
407 3674 472 3736 regis
491 3689 580 3722 nomen
599 3671 679 3727 habet
698 3672 757 3727 cod.
776 3682 838 3743 post
852 3679 946 3736 Persen,
966 3690 1037 3743 quae
1056 3681 1191 3744 tamquam
1206 3674 1343 3745 plassema

112 3814 216 3870 deleuit
236 3813 372 3869 Gruterus
470 3817 649 3882 ipopulusR·
746 3819 876 3883 despexit
978 3777 1016 3867 (lis
1113 3819 1253 3885 9compos

112 3911 178 3954 esset
202 3903 237 3970 (el
256 3904 370 3970 iuras.)
480 3905 515 3957 10
540 3906 670 3955 uictoriam
696 3903 861 3959 deteriores:
888 3908 966 3956 dictor
1075 3907 1108 3959 12
1134 3915 1157 3956 et
1174 3925 1247 3972 quem
1272 3906 1341 3972 cod„

112 3991 217 4060 Haase,
237 4009 339 4058 ecquem
359 3991 442 4061 uulpo
526 3995 559 4046 13
579 3996 687 4060 perdidit
706 3993 804 4064 uulqo:
825 3997 881 4060 pdit
973 3994 1006 4047 ’14
1025 3997 1091 4044 Persi
1110 3994 1234 4064 Lipsius:
1256 4014 1340 4061 persen

17 4123 21 4141 ,
113 4083 168 4149 (sen
187 4081 216 4134 in
234 4082 302 4149 ras.)
394 4081 429 4135 16
448 4085 524 4133 duca.
614 4083 644 4135 ll
664 4090 739 4148 quota
758 4086 823 4133 enim
842 4101 954 4150 quaeque
972 4082 1099 4137 Fickert:
1121 4086 1187 4149 quod
1206 4092 1247 4136 eni
1266 4102 1339 4151 queq:

211 4168 244 4223 18
269 4173 392 4221 turbatum
417 4179 451 4221 est
471 4168 586 4242 Maduiy
610 4172 689 4241 siquo
709 4171 900 4242 interroqandi
920 4188 974 4242 pro
994 4178 1123 4225 commate
1141 4178 1208 4241 post
1233 4176 1341 4223 constitit

109 4259 221 4329 posito:
241 4261 364 4310 turbatum
382 4262 413 4310 sit
497 4260 532 4313 24
551 4266 604 4312 toto
622 4262 723 4310 honoris
743 4260 823 4314 dell:
845 4269 880 4311 tot
898 4263 1000 4310 honoris
1085 4278 1149 4310 anno
1169 4262 1202 4310 ob
1222 4263 1341 4335 inuidiam

115 4346 195 4402 dart:
216 4365 282 4399 auno
299 4350 395 4400 inuidia
491 4349 525 4402 2ss
544 4352 604 4415 imp.
624 4351 708 4400 officia
798 4352 851 4416 quis
870 4351 949 4399 minus
967 4356 1047 4414 potest
1068 4346 1162 4414 Gertz,
1185 4352 1244 4414 quid
1262 4353 1342 4401 minus

116 4443 213 4503 poterat
226 4434 373 4493 Muretus:
401 4439 461 4504 quid
479 4440 558 4488 minus
577 4446 656 4503 potest
759 4438 792 4491 25
812 4440 858 4488 filis
