3046 5092
170 321 212 382 60
550 313 628 356 DlAL.
645 314 682 355 1v.
710 314 751 355 DE
766 314 818 354 IRA
832 313 886 355 LlB.
902 314 931 356 ll.
950 318 970 358 6.
987 317 1006 358 i.

259 461 314 523 Vl.
361 461 479 534 Virtus,
502 462 609 542 inquit,
632 470 667 522 ut
687 459 827 523 honestis
848 460 941 522 rebus
957 461 1093 542 propitia
1112 469 1168 534 est,
1191 460 1235 522 ita
1251 460 1382 542 turpibu

170 568 248 628 irata
279 587 348 630 esse
372 568 478 630 debet.
525 569 600 648 quid
623 568 648 629 si
677 568 762 628 dicat
785 568 933 628 uirtutem
957 576 989 629 et
1011 566 1162 629 humilem
1186 574 1218 628 et
1243 586 1383 647 magnam

170 694 239 735 esse
269 672 407 736 debere?
439 675 524 755 atqui
555 673 618 735 hoc
648 674 740 747 dicit,
770 674 823 754 qui
852 671 938 734 illam
966 672 1076 735 extolli
1105 671 1172 736 uult
1195 681 1228 735 et
1251 673 1383 754 deprimi

170 781 319 861 quoniam
342 778 459 842 laetitia
491 780 534 842 ob
562 789 648 841 recte
667 777 796 852 ‚sactum
828 777 912 841 clara
944 778 1172 861 magnificaque
1195 788 1254 856 est,
1284 780 1330 841 ira
1350 779 1383 841 ol

144 886 306 948 salienum
329 895 496 966 peccatum
519 885 649 948 sordida
680 895 712 947 et
741 887 866 966 angusti
895 886 1032 966 pectoris
1060 895 1116 947 est.
1162 905 1221 947 nec
1244 905 1383 967 umquan

171 994 350 1054 committet
366 993 470 1067 uirtus,
487 1001 521 1053 ut
537 993 618 1066 uitia,
635 993 712 1054 dum
728 993 900 1073 conpescit,
915 993 1073 1054 imitetur:
1091 993 1170 1054 iram
1185 992 1288 1072 ipsam
1306 993 1382 1054 casti

171 1099 310 1178 gandam
326 1098 432 1172 habet,
453 1119 534 1180 quae
550 1097 646 1160 nihilo
662 1097 774 1160 melior
789 1107 845 1173 est,
869 1118 965 1181 saepe
980 1099 1076 1159 etiam
1091 1099 1179 1180 peior
1195 1097 1243 1160 his
1267 1097 1383 1160 delictis

171 1203 282 1285 quibus
305 1206 453 1267 irascitur.
498 1206 638 1285 gaudere
661 1204 833 1286 laetarique
856 1205 1018 1293 proprium
1042 1212 1074 1266 et
1105 1203 1248 1266 naturale
1275 1206 1383 1266 uirtuti

172 1318 238 1372 est:
264 1312 354 1373 irasci
377 1291 515 1374 nonest
538 1332 580 1372 ex
604 1312 757 1392 dignitate
788 1313 870 1385 eius,
901 1330 966 1372 non
997 1311 1098 1391 magis
1126 1330 1222 1392 quam
1246 1330 1383 1377 maerere

134 1439 157 1479 ιο
171 1419 256 1499 atqui
279 1417 455 1480 iracundiae
478 1418 601 1480 tristitia
624 1437 732 1479 comes
763 1427 813 1479 est
836 1427 867 1478 et
890 1419 921 1479 in
951 1416 1033 1478 hanc
1055 1417 1158 1478 omnis
1181 1417 1227 1478 ira
1250 1402 1302 1479 uel
1324 1437 1383 1498 pos

171 1524 394 1604 paenitentiam
426 1523 476 1586 uel
510 1532 584 1605 post
615 1523 773 1607 repulsam
803 1523 981 1585 reuoluitur.
1035 1533 1067 1584 et
1097 1525 1123 1585 si
1160 1523 1312 1604 sapientis
1349 1543 1383 1585 es

171 1631 308 1710 peccatis
331 1632 437 1705 irasci,
468 1631 570 1710 magis
597 1631 746 1692 irascetur
775 1630 946 1692 maioribus
970 1638 1002 1692 et
1032 1649 1129 1711 saepe
1150 1630 1322 1692 irascetur:
1348 1649 1383 1691 se

171 1737 282 1817 quitur,
312 1745 346 1798 ut
376 1757 440 1798 non
470 1745 593 1798 tantum
625 1737 720 1799 iratus
743 1737 783 1798 sit
806 1720 939 1818 sapiens,
962 1737 1020 1799 sed
1043 1734 1217 1804 iracundus.
1263 1736 1383 1816 atquis

172 1862 230 1903 nec
253 1862 403 1923 magnam
427 1844 504 1904 iram
529 1863 588 1904 nec
603 1842 801 1923 frequentem
824 1843 855 1903 in
872 1843 977 1926 animo
993 1843 1140 1924 sapientis
1156 1840 1262 1903 locum
1279 1840 1382 1930 haber

133 1970 157 2010 n
172 1949 338 2023 credimus
361 1950 435 2031 quid
452 1959 508 2024 est,
531 1970 628 2031 quare
651 1969 716 2010 non
739 1969 782 2010 ex
798 1957 868 2009 toto
884 1947 969 2010 illum
986 1948 1048 2010 hoc
1063 1947 1378 2012 adsectuliberemus

173 2054 287 2115 modus
318 2056 401 2117 enim
432 2075 501 2116 esse
529 2076 593 2117 non
624 2064 746 2137 potest,
778 2056 804 2116 si
831 2075 890 2135 pro
921 2054 1005 2116 facto
1028 2056 1176 2136 cuiusque
1197 2055 1383 2116 irascendun

173 2166 230 2220 est.
275 2179 349 2221 nam
373 2169 427 2221 aut
449 2161 569 2241 iniquus
593 2163 659 2235 erit,
690 2162 715 2222 si
739 2160 911 2242 aequaliter
933 2162 1083 2222 irascetur
1106 2161 1227 2223 delictis
1250 2162 1383 2243 inaequa

173 2264 267 2339 libus,
302 2273 355 2327 aut
385 2267 653 2341 iracundissimuS,
692 2269 717 2328 si
747 2268 864 2328 totiens
896 2266 1099 2328 excanduerit
1137 2267 1282 2348 quotiens
1320 2268 1383 2328 irat

172 2370 292 2433 scelera
315 2373 492 2434 meruerint.

133 2497 159 2538 n
263 2477 332 2540 VII.
378 2477 421 2539 Et
450 2479 525 2559 quid
555 2480 711 2559 indignius
742 2500 837 2561 quarn
869 2480 1017 2560 sapientis
1048 2477 1208 2542 adfectum
1233 2499 1276 2541 ex
1299 2478 1383 2541 alien

173 2583 311 2665 pendere
349 2586 506 2666 nequitia?
544 2584 668 2647 desinet
698 2585 748 2647 ille
779 2582 928 2648 Socrates
966 2605 1062 2666 posse
1100 2586 1238 2647 eundem
1277 2585 1383 2647 uoltut

173 2692 306 2754 domum
338 2689 468 2765 referre,
499 2711 594 2772 quem
626 2692 726 2756 domo
757 2690 923 2753 extulerat.
976 2700 1070 2772 atque
1099 2692 1125 2753 si
1154 2692 1245 2753 irasci
1275 2693 1383 2774 sapien

107 2783 109 2787 ¹
173 2797 304 2878 turpiter
334 2795 423 2858 sactis
453 2797 551 2859 debet
583 2806 615 2857 et
647 2797 797 2858 concitari
820 2797 1060 2878 'contristarique
1091 2798 1135 2858 ob
1157 2797 1294 2873 scelera,
1326 2795 1383 2859 nih

174 2910 222 2965 est
245 2903 458 2964 aerumnosius
482 2904 642 2983 sapiente:
675 2904 778 2964 omnis
801 2902 843 2964 illi
865 2923 922 2984 per
944 2904 1134 2965 iracundiam
1158 2919 1383 2986 maeroremqu

133 3027 160 3069 n
174 3009 237 3071 uita
259 3008 412 3071 transibit.
458 3010 545 3090 quod
577 3009 660 3069 enim
692 3017 891 3070 momentum
922 3010 992 3084 erit,
1021 3030 1085 3090 quo
1114 3029 1179 3070 non
1202 3004 1383 3091 inproband

174 3115 299 3176 uideat?
331 3116 476 3196 quotiens
506 3115 695 3197 processerit
726 3115 840 3188 d0m0,
872 3135 929 3195 per
959 3113 1130 3177 sceleratos
1160 3114 1202 3176 illi
1225 3133 1383 3198 auarosqu

174 3229 206 3281 et
229 3221 381 3301 prodigos
405 3229 436 3282 et
460 3221 637 3301 inpudentis
661 3228 693 3282 et
717 3221 761 3282 ob
785 3221 845 3282 ista
868 3210 973 3283 felices
988 3222 1199 3283 incedendum
1223 3223 1290 3284 erit.
1329 3238 1383 3285 nu!

175 3345 269 3407 quam
301 3325 383 3387 oculi
413 3326 477 3387 eius
509 3324 689 3399 flectentur,
723 3335 757 3386 ut
787 3347 852 3387 non
884 3329 971 3408 quod
1002 3328 1203 3407 indignentur
1232 3329 1383 3391 inuenian

177 3429 315 3505 deficiet,
354 3432 379 3491 si
411 3432 528 3492 totiens
559 3451 577 3492 a
612 3451 646 3492 se
684 3433 762 3493 iram
794 3434 940 3512 quotiens
975 3453 1070 3495 causa
1098 3443 1211 3515 poscet
1249 3433 1383 3516 exegeri

135 3559 161 3598 m
176 3535 254 3598 haec
284 3544 335 3598 tot
362 3536 447 3598 milia
477 3538 518 3598 ad
550 3535 653 3598 forum
681 3538 783 3618 prima
813 3536 882 3599 luce
920 3540 1122 3621 properantia
1159 3561 1255 3621 quam
1293 3550 1383 3622 turpe

175 3641 254 3716 lites,
293 3651 413 3723 quanto
452 3644 606 3725 turpiores
644 3644 817 3704 aduocatos
855 3643 995 3706 habent?
1040 3644 1116 3707 alius
1153 3645 1267 3708 iudicia
1304 3655 1383 3728 patr.

178 3828 329 3835 -----,-.,-,
340 3829 380 3835 ,ἡ

177 3959 193 4013 2
213 3960 279 4010 dicat
299 3956 428 4028 Madttiq:
450 3961 544 4009 dicatur
620 3959 637 4011 4
656 3960 815 4026 magnificam
838 3960 862 4027 (3
884 3960 911 4013 r'n
930 3965 998 4029 ras.)
1081 3965 1096 4015 o·
1116 3964 1154 4013 irr'r
1173 3964 1230 4028 ipsa
1248 3977 1303 4015 aton
1321 3965 1383 4028 ipsa:

177 4051 239 4099 iram
260 4045 319 4101 cod.
411 4047 426 4100 'i
445 4049 515 4113 peior
533 4049 571 4097 his
591 4047 627 4115 (in
647 4048 713 4113 ras.)
803 4047 820 4100 8
840 4051 937 4115 letariq}
959 4050 984 4115 (;
1006 4050 1033 4103 in
1052 4051 1119 4118 ras.)
1217 4051 1346 4115 timarete
1363 4048 1383 4115 (ἰ

177 4137 261 4203 corr.)
372 4134 405 4189 10
425 4138 490 4201 atqui
511 4136 549 4202 (at
568 4133 652 4202 corr.)
763 4138 904 4187 iracundiae
926 4136 981 4190 E':
1002 4141 1129 4189 iracundia
1148 4147 1171 4190 et
1283 4141 1314 4193 13
1334 4145 1378 4204 atq

177 4231 196 4293 (t
215 4240 253 4280 ex
272 4226 288 4275 d
307 4225 390 4288 corr.)
478 4223 510 4277 15
530 4225 618 4275 affectu
637 4222 731 4294 (prior
749 4224 761 4274 s
777 4240 792 4278 e
811 4224 895 4292 corr.)
983 4227 1014 4278 li
1034 4244 1091 4276 nam
1112 4235 1153 4278 aut
1169 4227 1309 4299 plerique:
1330 4231 1383 4278 nar

267 4313 301 4366 20
320 4315 411 4365 affectu
431 4312 524 4383 (prior
543 4313 554 4362 s
570 4328 585 4366 e
604 4312 687 4375 corr.)
792 4311 825 4365 22
845 4321 917 4379 utque
937 4312 1033 4367 Gertz:
1057 4319 1123 4382 atqui
1220 4315 1255 4369 24
1275 4324 1383 4382 erlipnos

178 4404 252 4471 (arcte
270 4418 283 4453 e
302 4417 367 4465 rna,
386 4402 447 4455 item
467 4397 527 4451 nosi'
549 4399 631 4465 corr.)
723 4402 847 4466 merorum
