3046 5092
205 332 267 394 134
420 326 499 368 DlAL.
515 325 552 368 Vl.
581 326 623 365 AD
638 325 781 366 MARCIAM
797 327 837 366 DE
852 324 1094 370 CONSOLATIONE.
1126 329 1158 371 12.
1175 327 1207 368 13.

131 507 134 514 ·
198 460 326 536 'fabulae
349 472 492 534 inmunes
516 472 714 554 reliquerunt,
737 482 825 555 puto,
849 482 884 535 ut
907 482 1088 536 nostrorum
1105 473 1247 536 tuncrum
1264 472 1428 536 leuamen·

200 591 268 643 tum
300 590 383 643 esset
414 582 509 642 etiam
534 580 637 642 diuina
661 581 835 642 concidere.
880 581 1097 662 circumspice,
1128 581 1272 662 inquam,
1303 582 1427 643 omnis:

200 687 317 750 nullam
349 697 416 748 tam
447 689 594 749 miseram
626 688 803 749 nominabis
834 688 983 762 domum,
1019 707 1102 768 quae
1131 708 1196 749 non
1226 689 1364 750 inueniat
1397 689 1430 749 in

200 796 361 856 miseriore
391 792 551 856 solacium,
596 814 661 854 non
692 814 745 855 me
773 793 915 856 hercules
938 802 1003 856 tam
1029 793 1112 855 male
1135 795 1176 856 de
1199 794 1341 856 moribus
1365 795 1467 858 tuisb

174 902 311 976 ssentio,
335 910 369 963 ut
391 910 501 982 putem
524 921 620 982 posse
643 911 676 963 te
699 900 795 963 leuius
818 903 883 982 pati
906 922 1013 964 casum
1029 910 1128 976 tuum,
1151 902 1177 965 si
1192 902 1247 963 tibi
1262 903 1430 983 ingentem

199 1008 372 1089 lugentium
395 1029 561 1070 numerum
584 1010 783 1090 produxero:
811 1008 992 1070 maliuolum
1016 1008 1125 1073 solacii¹
1145 1027 1245 1087 genus
1267 1017 1316 1071 est
1331 1008 1431 1071 turba

201 1117 397 1178 miserorum.
444 1117 600 1198 quosdam
632 1125 739 1177 tamen
771 1114 919 1190 referam,
959 1137 1024 1178 non
1055 1125 1089 1177 ut
1119 1116 1198 1178 scias
1229 1115 1292 1177 hoc
1322 1115 1431 1178 solere

199 1222 379 1285 hominibus
402 1224 560 1298 accidere,
590 1221 754 1284 ridiculum
778 1230 827 1284 est
850 1223 932 1283 enim
957 1223 1155 1285 mortalitatis
1178 1221 1328 1303 exempla
1350 1242 1429 1284 con-

199 1328 305 1409 ligere,
328 1331 386 1391 sed
402 1338 437 1391 ut
452 1326 530 1392 scias
546 1328 640 1391 fuisse
656 1328 781 1403 multos,
805 1329 858 1408 qui
873 1329 1005 1390 lenirent
1019 1349 1132 1410 aspera
1145 1327 1268 1411 placide
1282 1327 1428 1391 serendo.

160 1452 219 1496 roa
240 1434 416 1515 felicissimo
439 1437 600 1517 incipiam:
626 1436 662 1496 L.
686 1434 773 1498 Sulla
796 1434 892 1496 filium
916 1436 1034 1510 amisit,
1065 1455 1124 1498 nec
1147 1440 1184 1498 ea
1207 1456 1257 1497 res
1279 1444 1334 1497 aut
1358 1444 1466 1497 ma-tl

198 1541 294 1604 litiam
319 1542 383 1603 eius
407 1551 439 1603 et
462 1543 645 1603 acerrimam
669 1542 816 1602 uirtutem
840 1544 871 1603 in
894 1541 1002 1603 hostes
1026 1542 1171 1623 ciuesque
1194 1543 1432 1616 contudit,·aut

199 1647 303 1709 effecit
334 1657 370 1709 ut
400 1668 579 1728 cognomen
610 1647 685 1710 illud
717 1668 882 1729 usurpasse
912 1647 991 1709 falso
1016 1649 1173 1710 uideretur
1196 1649 1284 1729 quod
1308 1648 1430 1710 amisso

198 1753 262 1816 tilio
293 1755 484 1835 adsumpsit,
519 1775 578 1816 nec
609 1756 684 1816 odia
714 1754 878 1816 hominum
909 1755 1040 1829 ueritus,
1072 1775 1206 1836 quorum
1238 1753 1324 1816 malo
1355 1754 1431 1817 illae

199 1861 289 1922 nimis
313 1863 470 1923 secundae
493 1882 542 1923 res
561 1861 762 1935 constabant,
786 1881 845 1922 nec
867 1861 1016 1922 inuidiam
1033 1863 1175 1935 deorum,
1198 1881 1334 1941 quorum
1350 1860 1431 1923 illud

161 1984 184 2024 rs
200 1968 316 2028 crimen
340 1976 416 2042 erat,
439 1966 526 2030 Sulla
548 1977 614 2030 tarn
638 1967 722 2029 felix.
760 1969 818 2028 sed
841 1967 924 2029 istud
947 1968 1027 2028 inter
1051 1988 1100 2029 res
1115 1968 1257 2030 nondum
1272 1969 1431 2032 iudicatas

152 2078 154 2083 ’
199 2075 309 2148 abeat,
345 2073 444 2155 qualis
475 2073 561 2136 Sulla
595 2073 694 2135 fuerit.
741 2073 835 2134 etiam
871 2075 984 2136 inimici
1014 2072 1195 2135 fatebuntur
1224 2074 1308 2136 bene
1338 2074 1429 2138 illum

199 2201 287 2242 arma
309 2182 487 2261 sumpsisse,
512 2181 593 2241 bene
615 2181 773 2262 posuisse:
800 2180 862 2241 hoc
885 2180 926 2242 de
949 2200 1013 2261 quo
1037 2180 1139 2260 agitur
1163 2181 1337 2256 constabit,
1362 2203 1430 2244 non

200 2308 268 2349 esse
292 2288 467 2349 maximum
492 2286 609 2348 malum
633 2288 720 2368 quod
744 2287 839 2348 etiam
863 2287 904 2347 ad
927 2286 1122 2349 felicissimos
1145 2288 1296 2368 peruenit

290 2393 373 2454 XlIl.
419 2394 469 2454 Ne
492 2393 582 2455 nimis
605 2394 776 2455 admiretur
800 2392 932 2455 Graecia
955 2392 1039 2455 illum
1063 2401 1200 2474 patrem,
1223 2394 1276 2474 qui
1299 2395 1330 2455 in
1355 2395 1430 2476 ipso
1451 2403 1466 2455 1

126 2552 128 2556 ,
160 2517 186 2556 20
201 2499 350 2562 sacrificio
388 2501 531 2561 nuntiata
567 2499 619 2560 filii
654 2508 759 2561 morte
792 2500 950 2561 tibicinem
985 2509 1109 2562 tantum
1139 2509 1244 2562 tacere
1273 2500 1365 2563 iussit
1396 2511 1431 2564 et

200 2627 351 2669 coronam
375 2607 468 2688 capiti
491 2606 644 2680 detraxit,
675 2614 780 2668 cetera
802 2606 860 2668 rite
882 2606 1027 2688 perfecit,
1050 2605 1196 2669 Puluillus
1218 2607 1321 2669 effecit
1344 2627 1429 2690 pon·

199 2711 287 2788 tifex,
311 2713 358 2774 cui
381 2723 507 2795 postem
531 2713 649 2774 tenenti
673 2721 704 2774 et
728 2711 916 2792 Capitolium
941 2714 1098 2776 dedicanti
1114 2733 1200 2775 mors
1215 2712 1267 2774 filii
1282 2715 1431 2777 nuntiata

200 2828 256 2881 est.
302 2839 398 2901 quam
429 2819 479 2881 ille
494 2820 676 2898 ‚exaudisse
707 2819 911 2881 dissimulauit
942 2830 974 2881 et
996 2819 1162 2882 sollemnia
1183 2819 1335 2901 pontificii
1359 2841 1428 2884 car-

201 2927 289 2988 minis
313 2927 411 2988 uerba
434 2927 579 3008 concepit
602 2927 721 3006 gemitu
745 2946 809 2986 non
832 2927 1079 3008 interrumpente
1102 2928 1318 3008 precationem
1334 2935 1370 2990 et
1385 2929 1430 2990 ad

160 3049 185 3090 aa
199 3033 251 3095 filii
274 3034 319 3095 sui
342 3054 460 3096 nomen
483 3033 559 3095 Ioue
581 3033 759 3114 propitiato.
799 3042 931 3114 putasne
955 3034 1020 3094 eius
1044 3033 1144 3095 luctus
1167 3033 1303 3114 aliquem
1326 3031 1428 3098 finem
1449 3041 1466 3095 2

200 3162 269 3204 esse
304 3141 437 3215 debere,
474 3140 558 3202 cuius
589 3141 707 3221 primus
738 3140 805 3201 dies
836 3148 873 3200 et
898 3141 1017 3222 primus
1046 3141 1171 3223 inpetus
1201 3139 1243 3202 ab
1273 3139 1430 3204 altaribus

198 3247 329 3329 publicis
360 3256 392 3308 et
422 3246 523 3309 fausta
553 3247 785 3328 nuncupatione
812 3267 877 3307 non
900 3247 1035 3309 abduxit
1057 3251 1201 3329 patrem?
1233 3248 1349 3328 dignus
1373 3269 1430 3311 me

199 3352 341 3416 hercules
364 3353 420 3416 tuit
444 3353 642 3445 memorabili
664 3354 871 3429 dedicatione,
896 3355 1009 3434 dignus
1024 3353 1219 3436 amplissimo
1233 3356 1430 3432 sacerdotio,

204 3531 215 3582 l
237 3532 357 3579 immunes
447 3529 463 3582 2
483 3531 618 3594 circuspice
710 3530 725 3578 ft
745 3536 795 3578 tam
815 3532 928 3579 miseram
949 3526 1089 3583 Muretus:
1110 3530 1225 3580 miseram
1316 3528 1332 3581 6
1353 3532 1429 3582 mali-

199 3619 282 3668 uolum
304 3616 403 3671 Gertz:
424 3619 534 3667 maliuoli
553 3616 614 3674 cod.
633 3614 669 3686 cs.
690 3616 785 3671 deira
807 3623 828 3684 1,
847 3621 914 3684 lis
934 3619 1128 3668 abominandum
1147 3620 1250 3668 remedii
1268 3635 1346 3684 genus

196 3719 361 3832 §ffldlculum
476 3762 592 3824 colligere
701 3758 734 3811 l0
758 3761 788 3813 L.
802 3761 864 3810 silla·
967 3759 998 3812 12
1023 3717 1098 3831 efficit
1204 3761 1268 3812 falso
1287 3756 1427 3827 Muretus,

199 3855 327 3926 Maduip:
348 3851 418 3906 saluo
521 3858 553 3908 13
572 3857 638 3906 male
657 3858 700 3906 illo
805 3856 836 3908 lt
856 3858 1002 3906 constabant
1020 3854 1183 3910 Pincianus:
1207 3865 1320 3909 constant

198 3946 250 3996 illut
269 3947 289 4012 (t
307 3946 335 3998 r'n
354 3947 370 3994 d
389 3948 472 4010 corr.)
570 3944 602 3996 15
621 3946 703 3996 sillata
801 3944 833 3997 16
852 3946 914 4010 sylla
1005 3951 1069 4016 post
1086 3945 1180 3996 inimici
1198 3961 1301 4001 rasura
1318 3947 1349 4000 in
1368 3964 1427 4019 qua

196 4040 285 4104 potest
300 4034 390 4103 fuisse
408 4036 459 4084 eius
555 4032 588 4086 18
606 4034 639 4083 ad
657 4035 812 4084 felicissimos
832 4033 994 4088 deteriores:
1015 4036 1049 4084 ad
1067 4036 1213 4086 lectissimos
1309 4035 1347 4090 20
1366 4039 1428 4088 tibi·

295 4131 364 4174 tant*

199 4197 278 4245 ciuem
327 4139 453 4248 talierect
472 4197 567 4245 coroni,
585 4192 659 4256 cod„
685 4195 797 4247 iussitire
818 4192 998 4248 deterioribus
1016 4193 1080 4249 add.
1206 4195 1240 4250 23
1259 4197 1427 4250 dissimulauit

198 4354 268 4391 unus
288 4338 469 4392 deteriorum:
490 4340 643 4388 dissimulare
733 4339 853 4403 pontificii
872 4339 987 4387 carminis
1004 4335 1133 4407 Marium:
1154 4320 1261 4404 pontific·
1275 4355 1292 4387 a
1309 4299 1427 4391 carminis

289 4436 321 4488 25
343 4442 444 4501 putasne
462 4435 587 4505 lipsius:
608 4445 716 4501 putasses
808 4436 841 4488 20
861 4438 913 4485 dies
932 4429 967 4509 est
1056 4439 1160 4501 impetus
