3046 5092
506 316 591 388 oran.
613 316 653 358 111.
672 316 713 356 na
732 317 784 356 mn
804 317 858 359 ua.
879 318 894 358 1.
909 321 929 360 a.
949 320 969 366 o,
1300 325 1340 383 43

146 458 203 519 ultra
229 479 322 539 quam
355 469 484 542 oportet
516 464 708 543 procedere,
746 463 803 523 sed
842 463 872 522 in
905 461 1065 524 adfectum
1104 461 1172 544 ipse
1203 472 1343 524 mutatur

145 564 251 645 ideoque
275 587 340 627 non
362 576 470 648 potest
494 566 602 629 utilem
626 567 710 629 illam
735 569 798 629 uim
827 577 860 629 et
887 568 1056 629 salutarem
1095 569 1255 649 proditam
1279 570 1341 630 iam

122 671 368 752 animatamque
399 694 558 735 reuocare.
604 675 789 749 nonenim,
821 683 854 735 ut
879 675 953 749 dixi,
983 683 1142 755 separatas
1166 676 1225 736 ista
1248 677 1340 736 sedes

142 798 194 839 suas
213 779 417 859 diductasque
440 779 569 855 habent,
598 782 654 843 sed
678 778 820 842 adlectus
844 790 876 841 et
899 782 979 842 ratio
1002 782 1033 841 in
1056 780 1167 842 melius
1191 781 1341 863 peiusque

141 886 248 947 mutatio
280 886 374 946 animi
405 895 461 947 est.
512 888 678 967 quomodo
710 907 787 967 ergo
825 888 904 948 ratio
941 897 1096 968 occupata
1126 896 1158 948 et
1188 907 1341 968 oppressa
1368 904 1380 943 5

141 992 199 1063 uitis
219 1001 371 1071 resurget,
394 1012 476 1072 quae
500 993 563 1054 irae
587 994 699 1054 cessit?
724 1002 777 1054 aut
793 993 1067 1072 quemadmodum
1091 1014 1133 1054 ex
1158 993 1340 1054 confusione

117 1104 163 1160 lse
186 1097 339 1172 liberabit,
371 1099 402 1158 in
434 1119 496 1180 qua
526 1099 670 1179 peiorum
701 1100 838 1160 mixtura
868 1098 1061 1180 praeualuit?
1115 1100 1172 1160 sed
1202 1100 1341 1178 quidam,

138 1205 228 1285 inquit,
266 1205 298 1264 in
334 1205 380 1273 ira
415 1225 449 1266 se
481 1206 651 1266 continent.
714 1215 819 1266 utrum
852 1225 930 1285 ergo
961 1205 1005 1266 ita
1051 1215 1084 1266 ut
1122 1187 1196 1266 nihil
1227 1204 1340 1266 saciant

138 1332 224 1372 eorum
247 1331 331 1391 quae
355 1310 400 1372 ira
423 1311 521 1372 dictat
545 1332 584 1371 an
609 1320 643 1371 ut
666 1310 803 1390 aliquid?
827 1312 852 1372 si
875 1310 949 1372 nihil
972 1310 1096 1385 faciunt,
1119 1311 1253 1392 adparet
1275 1331 1340 1372 non

138 1438 188 1479 esse
207 1418 247 1478 ad
271 1417 413 1478 actiones
437 1437 540 1478 rerum
565 1418 773 1478 necessariam
797 1418 885 1491 iram,
907 1438 1004 1497 quam
1029 1438 1095 1491 uos,
1118 1419 1207 1498 quasi
1230 1417 1339 1478 fortius
1357 1433 1380 1473 ro

115 1523 227 1604 talquid
243 1524 365 1585 ratione
381 1522 521 1597 haberet,
542 1523 754 1585 aduocabatis.
779 1554 821 1587 *si
847 1524 982 1604 denique
997 1525 1169 1603 interrogo,
1186 1523 1340 1586 ualentior

138 1640 172 1692 est
188 1651 279 1710 quam
311 1630 398 1690 ratio
423 1650 463 1690 an
487 1629 656 1690 infirmior?
688 1631 714 1690 si
745 1630 916 1704 ualentior,
946 1631 1112 1710 quomodo
1140 1629 1180 1691 illi
1204 1629 1338 1691 modum

138 1737 195 1796 ratio
215 1736 331 1817 poterit
354 1735 521 1817 inponere,
553 1756 625 1796 cum
656 1756 768 1817 parere
799 1737 855 1796 nisi
885 1735 1078 1797 inbecilliora
1106 1757 1170 1797 non
1193 1735 1336 1797 soleant?

139 1842 157 1901 si
172 1842 309 1903 infirmior
332 1850 398 1917 est,
428 1842 495 1903 sine
527 1841 587 1903 hac
617 1863 675 1923 per
704 1863 738 1903 se
767 1843 807 1903 ad
839 1863 943 1902 rerum
967 1841 1096 1904 effectus
1120 1841 1235 1903 sufficit
1256 1844 1337 1903 ratio

116 1949 181 2008 tnec
208 1949 364 2010 desiderat
407 1948 604 2010 inbecillioris
643 1948 802 2010 auxilium.
848 1958 880 2010 at
916 1949 984 2011 irati
1022 1949 1151 2028 quidam
1192 1957 1337 2010 constant
1354 1969 1377 2007 15

141 2053 181 2113 sibi
209 2065 238 2116 et
266 2076 302 2117 se
338 2056 508 2117 continent.
555 2057 705 2134 quando?
751 2076 824 2116 cum
860 2056 922 2116 iam
954 2056 998 2116 ira
1028 2055 1186 2116 euanescit
1218 2064 1250 2116 et
1282 2074 1339 2114 sua

142 2170 228 2239 sponte
248 2161 382 2241 decedit,
414 2181 478 2221 non
496 2182 567 2222 cum
592 2162 622 2221 in
646 2162 714 2242 ipso
738 2160 862 2222 feruore
885 2172 940 2222 est.
980 2170 1056 2222 tunc
1072 2162 1154 2222 enirn
1178 2166 1338 2241 potentior
1393 2194 1395 2199 ,

117 2265 182 2328 lest.
218 2267 289 2347 quid
306 2271 405 2346 ergo?
422 2288 487 2328 non
503 2267 672 2348 aliquando
689 2268 719 2327 in
734 2268 779 2329 ira
794 2288 922 2347 quoquc
938 2277 970 2329 et
986 2269 1148 2329 dimittunt
1163 2266 1336 2328 incolumes

142 2369 307 2454 intactosque
323 2394 405 2453 quos
427 2372 561 2434 oderunt
586 2380 618 2434 et
637 2393 655 2433 a
671 2376 818 2434 nocendo
836 2373 1010 2434 abstinent?
1035 2373 1158 2435 iaciunt.
1190 2374 1336 2455 quando?

143 2492 195 2538 cun
219 2479 355 2540 adiectus
386 2481 573 2561 repercussit
605 2482 765 2541 adlectum
804 2491 834 2541 et
872 2490 926 2542 aut
956 2490 1060 2542 metus
1091 2489 1145 2542 aut
1184 2479 1336 2561 cupiditas
1351 2507 1377 2548 20

143 2579 229 2662 aliquid
256 2586 432 2666 inpetrauit.
477 2606 542 2646 non
575 2587 703 2647 rationis
734 2595 809 2647 tunc
840 2586 993 2647 beneficio
1026 2587 1160 2666 quieuit,
1199 2587 1256 2648 sed
1280 2587 1335 2646 ad-

145 2684 252 2753 lectuum
274 2691 369 2753 infida
393 2701 425 2752 et
448 2691 532 2752 mala
554 2711 641 2772 pace.

116 2793 128 2843 1
169 2811 171 2814 ·
209 2795 254 2860 ΙΧ.
276 2799 402 2860 Deinde
432 2798 506 2859 nibil
537 2797 634 2859 habet
657 2799 687 2858 in
710 2818 745 2859 se
768 2798 842 2859 utile
871 2818 929 2860 nec
953 2799 1035 2860 acuit
1058 2799 1197 2860 animum
1222 2799 1264 2859 ad
1287 2818 1337 2858 res

143 2895 247 2966 bellicas
290 2925 464 2985 numquam
496 2905 580 2982 enim
611 2903 709 2966 uirtus
740 2905 815 2966 uitio
846 2904 1024 2967 adiuuanda
1047 2914 1095 2967 est
1118 2926 1152 2967 se
1176 2913 1334 2966 contenta.

143 3007 256 3081 quotiens
277 3012 384 3093 inpetu
408 3032 489 3092 opus
513 3021 570 3086 est,
594 3032 658 3072 non
673 3012 821 3085 irascitur,
845 3012 903 3073 sed
925 3012 1050 3092 exurgit
1074 3024 1106 3073 et
1129 3013 1159 3072 in
1182 3020 1335 3092 quantum
1350 3035 1377 3074 ns

143 3115 237 3199 putauit
256 3138 334 3199 opus
358 3138 436 3192 esse,
468 3119 641 3178 concitatur
665 3119 903 3199 remittiturque,
935 3139 1000 3179 non
1024 3119 1112 3180 aliter
1135 3139 1231 3199 quam
1255 3139 1336 3198 quae

143 3220 276 3284 tormentis
292 3224 510 3306 exprimuntur
526 3223 596 3298 tela,
621 3224 651 3284 in
666 3232 828 3305 potestate
849 3225 1001 3297 mittentis
1024 3233 1098 3286 sunt
1121 3226 1151 3286 in
1183 3233 1336 3305 quantum

112 3319 321 3402 2t0rqueantur.
364 3330 426 3406 ira,
452 3331 551 3410 inquit
574 3329 773 3405 Aristoteles
797 3335 973 3392 necessaria
996 3341 1051 3392 est.
1091 3351 1145 3392 nec
1167 3331 1337 3411 quicquam

142 3425 197 3486 sine
219 3433 267 3496 illa
288 3437 474 3516 expugnari
493 3445 614 3515 potest,
648 3436 713 3496 nz'sr‘
742 3437 801 3498 illa
832 3437 933 3518 inplet
960 3438 1105 3498 animum
1136 3447 1168 3499 et
1187 3437 1337 3517 spiritum

142 3538 259 3604 accentu,
302 3542 452 3603 utendum
483 3552 588 3603 auteur
619 3543 678 3604 illa
709 3553 758 3605 est
785 3565 847 3605 uon
878 3553 915 3604 nt
941 3544 1035 3621 duce,
1074 3544 1134 3605 sed
1162 3553 1198 3604 ut
1225 3543 1334 3604 nu'lr'te.
1350 3566 1377 3606 ao

142 3704 319 3728 κ-

234 3837 343 3900 laffect3
475 3843 491 3895 7
510 3859 537 3893 se
554 3844 670 3892 liberabit
688 3843 784 3896 ceteri:
806 3845 944 3893 seliberauit
1068 3844 1084 3896 9
1104 3844 1336 3914 apparetslpurua

141 3917 197 3982 ras.)
297 3933 329 3984 11
343 3936 413 4000 post
431 3933 592 3981 aduocabatis
611 3930 727 3984 alteram
741 3937 851 4001 purtem
871 3932 1113 4002 arnumentatlonls
1132 3933 1258 3986 omissam
1277 3949 1337 3986 esse

141 4018 218 4078 Haase
232 4031 357 4091 intellexit
494 4038 528 4091 20
546 4020 656 4106 adfectus
673 4044 699 4092 et
716 4021 816 4103 adfectu
836 4037 979 4107 utrobique
997 4040 1009 4088 f
1024 4015 1089 4108 sup,
1105 4041 1121 4087 d
1139 4055 1194 4096 scr.

141 4125 170 4178 21
189 4134 292 4194 affectuum
412 4145 445 4200 25
465 4148 557 4211 impetu
681 4148 786 4210 exsurgit
917 4144 951 4198 26
970 4148 1145 4212 remittiturque
1163 4144 1173 4214 ]
1192 4137 1337 4210 enititurque

140 4210 246 4291 Maluit,
261 4233 307 4287 sed
324 4233 395 4310 illud
412 4249 466 4287 non
486 4234 670 4303 temptandum
689 4249 750 4288 csse
767 4232 838 4287 uitlr't
851 4230 1004 4286 Schultess:
1026 4239 1056 4287 nt
1074 4233 1136 4298 tela,
1155 4234 1269 4302 quaein
1283 4250 1335 4304 po-

141 4306 221 4361 testate
230 4319 343 4376 mittentis
355 4328 426 4383 sunt,
446 4323 533 4392 maqr's
551 4323 673 4376 minusue
692 4328 860 4391 torquentur,
880 4322 918 4374 ita
936 4322 1006 4374 iram
1025 4322 1074 4392 qul
1091 4322 1154 4376 elus·
1169 4337 1278 4391 compos
1297 4329 1336 4374 est

142 4391 327 4474 m⁰l000nritat
345 4409 426 4464 modo
444 4411 554 4464 remittit
661 4412 695 4465 27
714 4412 897 4481 suntntpurua
917 4419 983 4472 rar.)
