3046 5092
163 353 182 413 2
383 348 460 390 Dim„
482 353 497 391 l.
518 350 619 400 QVARE
639 349 749 400 ALIQVA
768 349 957 393 INCOMMODA
976 351 1064 393 BONIS
1083 352 1163 393 VlRlS

161 492 290 555 confusa
321 502 353 556 et
383 494 513 569 incerta,
544 494 664 575 pluuias
695 496 767 558 dico
798 495 961 578 nubesque
989 506 1021 562 ct
1049 497 1197 560 elisorum
1222 498 1383 561 fulminum

160 601 257 662 iactus
281 609 313 662 et
337 602 480 662 incendia
496 591 606 682 'ruptis
634 604 790 665 montium
821 604 988 666 uerticibus
1020 604 1130 678 eflusa,
1162 614 1320 667 tremores
1342 605 1383 668 la-

159 708 262 770 bantis
285 708 343 770 soli
366 708 487 788 aliaque
510 729 590 789 quae
615 709 809 771 tumultuosa
831 708 904 791 pa‘rs
925 732 1029 773 rerum
1047 712 1127 773 circa
1150 721 1250 774 terras
1268 723 1384 787 mouet,

158 816 225 877 sine
248 816 377 890 ratione,
400 818 544 896 quamuis
567 817 670 878 subita
692 816 761 891 sint,
785 818 939 892 accidunt,
968 818 1025 879 sed
1049 838 1121 879 suas
1146 827 1187 905 et¹
1200 818 1252 880 illa
1276 839 1384 880 causas

95 935 97 939 '
131 922 277 984 shabent
307 942 370 982 non
402 923 504 983 minus
535 943 630 1003 quam
661 943 743 1004 quae
773 922 879 984 alienis
911 923 987 985 locis
1026 935 1198 1005 conspecta
1235 925 1384 987 miraculo

157 1036 241 1101 sunt,
273 1038 307 1090 ut
337 1029 368 1089 in
400 1030 510 1090 mediis
534 1028 679 1090 fluctibus
711 1029 849 1090 calentes
873 1050 974 1111 aquae
997 1039 1030 1092 et
1053 1051 1137 1092 noua
1160 1031 1332 1092 insularum
1355 1033 1383 1092 in

157 1143 248 1196 uasto
272 1135 463 1197 exilientium
488 1138 566 1198 mari
580 1137 687 1218 spatia.
729 1139 790 1199 iam
807 1158 883 1199 uero
907 1139 932 1199 si
955 1139 1024 1219 quis
1040 1137 1258 1200 obseruauerit
1275 1139 1383 1199 nudari

156 1240 248 1303 litora
277 1240 393 1322 pelago
424 1243 454 1303 in
484 1263 519 1303 se
550 1244 717 1305 recedente
754 1244 931 1324 eademque
963 1246 1044 1305 intra
1074 1246 1226 1324 exiguum
1258 1254 1383 1325 tempus

157 1348 282 1428 operiri,
306 1350 414 1410 credet
439 1369 533 1409 caeca
556 1350 695 1429 quadarn
720 1350 914 1411 uolutatione
938 1352 1037 1412 modo
1061 1351 1204 1412 contrahi
1227 1354 1331 1412 undas
1354 1360 1384 1412 et

118 1475 143 1514 ιο
157 1453 324 1516 introrsum
358 1456 421 1540 agi,
453 1456 552 1516 modo
584 1476 749 1536 erumpere
781 1465 812 1518 et
844 1447 962 1536 niagno
990 1477 1081 1518 cursu
1105 1466 1249 1539 repetere
1273 1459 1383 1520 sedem

157 1581 255 1636 suam,
279 1582 351 1623 cum
375 1562 497 1622 interim
522 1561 591 1623 illae
607 1562 805 1643 portionibus
821 1572 965 1624 crescunt
989 1572 1021 1624 et
1045 1564 1085 1624 ad
1109 1563 1222 1624 horam
1247 1585 1285 1626 ac
1301 1565 1383 1626 diem

156 1668 291 1729 subeunt
314 1668 482 1749 ampliores
506 1670 718 1749 minoresque,
748 1678 841 1750 prout
865 1669 931 1731 illas
954 1670 1061 1731 lunare
1084 1670 1169 1732 sidus
1193 1671 1313 1747 elicuit,
1345 1671 1383 1733 ad

156 1775 241 1836 cuius
271 1776 432 1837 arbitrium
465 1796 602 1837 oceanus
633 1777 783 1837 exundat.
828 1796 887 1837 suo
919 1777 978 1838 ista
1008 1777 1145 1857 tempori
1177 1789 1382 1853 reseruentur,

156 1903 195 1944 eo
219 1882 346 1963 quidem
364 1883 464 1963 magis
487 1882 573 1963 quod
597 1891 630 1943 tu
646 1902 711 1943 non
734 1882 860 1944 dubitas
881 1884 922 1944 de
938 1883 1138 1963 prouidentia
1160 1885 1218 1945 sed
1235 1884 1382 1964 quereris

118 2008 141 2047 rr
155 1991 185 2050 in
209 1989 342 2069 gratiam
366 2000 398 2050 te
421 1990 570 2050 reducam
595 2009 667 2050 cum
692 1990 740 2050 dis
769 1991 921 2050 aduersus
945 1990 1085 2070 optimos
1106 1991 1241 2070 optimis
1282 2011 1384 2072 neque

155 2094 238 2156 enim
263 2115 365 2156 rerum
390 2105 500 2156 natura
522 2094 639 2175 patitur
663 2104 696 2157 ut
720 2115 870 2176 umquam
897 2095 981 2157 bona
1004 2096 1095 2157 bonis
1119 2094 1264 2158 noce‘ant.
1304 2098 1383 2159 inter

155 2201 260 2262 bonos
291 2201 373 2262 uiros
405 2221 442 2262 ac
472 2202 550 2262 deos
581 2201 714 2262 amicitia
745 2210 794 2262 est
822 2202 1007 2264 conciliante
1031 2202 1162 2264 uirtute:
1212 2204 1382 2294 amicitiam

157 2309 248 2369 dico?
287 2309 386 2369 immo
425 2297 520 2369 etiarn
552 2308 753 2368 necessitudo
785 2317 817 2370 et
847 2308 1033 2383 similitudo,
1072 2309 1222 2390 quoniam
1253 2311 1382 2391 quidem

155 2414 265 2485 bonus
281 2422 427 2494 tempore
450 2422 572 2476 tantum
597 2435 615 2475 a
639 2416 701 2475 deo
725 2413 838 2490 dissert,
863 2415 1030 2495 discipulus
1054 2416 1119 2476 eius
1143 2416 1382 2497 aemulatorque

116 2538 142 2579 20
156 2529 188 2582 et
212 2540 287 2582 uera
309 2520 484 2601 progenies,
508 2541 602 2601 quam
619 2539 733 2601 parens
756 2520 806 2582 ille
827 2519 1018 2600 magnificus,
1043 2522 1192 2584 uirtutum
1217 2543 1283 2583 non
1307 2523 1382 2585 lenis

156 2635 301 2702 exactor,
340 2627 420 2688 sicut
443 2627 542 2688 seueri
566 2636 688 2708 patreS,
720 2627 825 2688 durius
858 2626 980 2689 educat.
1026 2628 1132 2709 ita'que
1163 2649 1236 2690 cum
1268 2629 1382 2692 uideris

155 2733 259 2793 bonos
282 2733 365 2794 uiros
388 2741 600 2813 acceptosque
624 2732 671 2794 dis
695 2732 852 2808 laborare,
881 2734 1003 2810 sudare,
1034 2755 1092 2815 per
1114 2737 1249 2797 arduum
1274 2757 1380 2798 escen-

156 2840 245 2912 dere,
270 2839 371 2900 malos
393 2848 499 2901 autem
524 2840 663 2901 lasciuire
686 2848 718 2901 et
742 2840 956 2920 uoluptatibus
980 2840 1089 2916 fluere,
1118 2842 1224 2922 cogita
1246 2841 1381 2904 filiorum

155 2966 214 3007 nos
238 2947 394 3008 modestia
417 2946 574 3022 delectari,
598 2947 794 3009 uernularum
815 2946 953 3021 licentia3
987 2946 1056 3008 illos
1080 2947 1241 3029 disciplina
1256 2949 1382 3011 tristiori

115 3070 140 3111 25
156 3054 315 3128 contineri,
338 3053 452 3115 horum
476 3053 515 3115 ali
539 3054 711 3116 audaciam.
757 3054 842 3115 idem
866 3054 921 3115 tibi
945 3054 986 3114 de
1009 3055 1071 3115 deo
1095 3053 1220 3134 liqueat.
1259 3054 1381 3117 bonum

156 3161 256 3221 uirum
280 3161 310 3220 in
334 3160 450 3221 deliciis
474 3160 678 3222 nonhabet:
712 3160 888 3240 experitur,
920 3160 1059 3235 indurat,
1091 3161 1149 3222 sibi
1172 3161 1258 3222 illurn
1283 3170 1380 3243 parat.

244 3266 280 3326 ΙΙ.
304 3265 412 3346 Quare
435 3265 534 3327 multa
556 3264 649 3328 bonis
676 3266 748 3328 uiris
766 3267 904 3334 ,aduersa
928 3266 1094 3327 eueniunt?
1141 3266 1214 3327 nihil
1237 3269 1382 3330 accidere

156 3371 243 3432 bono
267 3373 333 3433 uiro
359 3372 433 3433 mali
456 3380 582 3452 potest:
616 3393 679 3432 non
710 3373 880 3434 miscentur
904 3374 1066 3435 contraria.
1106 3375 1382 3453 quemadmodum

155 3487 205 3538 tot
221 3498 338 3552 amnes,
361 3486 485 3539 tantum
501 3499 636 3560 superne
651 3478 844 3540 deiectorum
865 3480 1020 3554 imbrium,
1044 3489 1133 3541 tanta
1149 3481 1382 3561 medicatorum

115 3600 142 3641 3⁰
156 3584 202 3644 uis
226 3583 359 3645 sontium
383 3605 446 3646 non
471 3593 594 3646 mutant
617 3605 764 3673 saporem
788 3586 890 3660 maris
919 3606 958 3647 ne
983 3587 1143 3647 remittunt
1167 3587 1311 3666 quidem,
1340 3588 1383 3649 ita

156 3691 358 3752 aduersarum
390 3692 513 3772 inpetus
544 3712 648 3753 rerum
679 3693 734 3753 uiri
764 3691 852 3753 fortis
876 3714 939 3753 non
963 3692 1055 3754 uertit
1078 3693 1229 3754 animum.
1273 3702 1383 3756 manet

155 3799 185 3858 in
216 3807 300 3861 statu
331 3808 363 3861 et
395 3799 548 3879 quidquid
580 3799 684 3860 euenit
719 3798 748 3859 in
778 3819 869 3860 suum
902 3799 1042 3861 colorem
1071 3798 1174 3861 trahit.
1220 3808 1269 3863 est
1298 3803 1382 3863 enim

156 3970 367 3977 ..ψ-.-

789 4060 844 4101 locis

155 4083 170 4132 3
191 4083 288 4147 aliaque
307 4080 404 4134 rodet
423 4064 571 4150 aliauulpo
655 4080 670 4127 ἴ)
691 4080 776 4130 alienis
937 4081 953 4132 'i
973 4082 1132 4131 exsilientium
1222 4081 1252 4132 ll
1273 4089 1298 4132 tu
1310 4101 1384 4134 *non

628 4179 651 4205 ΓΕ

244 4225 288 4273 sed
313 4225 419 4288 quereris
440 4220 466 4274 Ε
470 4224 496 4271 ²:
528 4223 570 4271 sed
594 4223 673 4286 queris
695 4244 700 4254 ·
784 4221 814 4273 ll)
839 4222 886 4270 diis
915 4223 1030 4271 aduersus
1054 4223 1091 4289 (us
1116 4222 1143 4275 in
1168 4224 1279 4290 rasura)

156 4312 188 4364 lli
208 4329 313 4377 unquam
395 4312 422 4363 li
444 4313 567 4362 amicitia.
582 4316 617 4359 est
687 4309 719 4360 lll
739 4311 803 4359 adeo
875 4311 1021 4375 emulatorq;
1089 4312 1119 4364 21
1136 4313 1170 4361 sic
1183 4319 1208 4362 ut
1281 4313 1316 4366 22
1337 4317 1385 4364 diis

621 4410 635 4436 n

225 4456 354 4504 escendere
368 4452 549 4522 Bonqal'sius:
565 4452 681 4501 excedere
735 4450 769 4504 27
782 4453 858 4501 nichil
914 4453 947 4503 Qb'
961 4455 1152 4516 quernt'unorlum
1214 4455 1248 4505 32
1261 4457 1381 4521 quicquid
