3046 5092
160 322 220 385 138
375 316 505 359 attuvi.
534 315 575 354 AD
591 313 733 355 MARCIAM
748 315 789 354 DE
803 312 1047 355 CONSOLATIONE.
1077 315 1109 358 16.
1125 317 1158 358 l'l.
1205 309 1211 328 ‘
1238 346 1241 355 s

156 464 274 527 nullum
299 465 385 526 aiunt
407 462 520 525 frustra
543 462 657 522 cadere
679 459 794 535 telum,
826 463 912 542 quod
941 461 971 522 in
995 460 1172 523 consertum
1196 481 1315 541 agmen
1339 460 1406 522 in-'

153 551 286 633 inissum
317 580 383 632 est:
418 570 530 631 mirum
561 579 609 631 est
633 577 754 630 tantam
778 569 904 631 turbam
929 589 992 630 non
1014 570 1155 649 potuisse
1178 569 1244 630 sine
1268 568 1385 629 inuidia

156 679 315 739 damnoue
353 675 570 757 praeteruehi?
618 685 650 737 at
681 675 743 736 hoc
774 676 906 755 iniquior
936 674 1061 738 fortuna
1091 675 1162 750 fuit,
1199 675 1287 757 quod
1319 688 1417 740 nont

155 793 279 847 tantum
303 783 414 864 eripuit
437 782 525 857 filios,
549 783 606 843 sed
630 781 731 860 elegit.
779 802 952 862 numquam
975 791 1083 844 tamen
1106 783 1247 844 iniuriam
1265 782 1383 843 dixeris

129 911 141 948 5
156 911 198 952 ex
221 911 324 972 aequo
348 910 420 951 cum
436 879 615 970 pbtentiore
632 888 790 949 diuidere:
817 887 896 950 duas
912 888 968 950 tibi
990 887 1112 968 reliquit
1127 887 1204 950 filias
1220 897 1254 950 et
1271 886 1383 949 harum

155 1006 297 1078 nepotes,
343 1004 376 1058 et
406 995 523 1077 ipsum,
555 1015 649 1075 quem
682 996 822 1056 maxime
852 994 940 1075 luges
971 996 1082 1076 prioris
1106 994 1219 1070 oblita,
1251 1015 1317 1056 non
1342 1015 1384 1055 ex

155 1113 227 1166 toto
250 1101 397 1172 abstulit:
424 1101 523 1163 habes
547 1122 589 1163 ex
612 1099 664 1163 illo
689 1102 767 1162 duas
790 1100 876 1175 filias
899 1103 924 1164 si
948 1101 1030 1163 male
1046 1100 1115 1176 fers,
1141 1121 1260 1182 magna
1275 1122 1383 1176 onera

155 1212 180 1272 si
210 1209 309 1285 bene,
341 1229 456 1290 magna
484 1208 607 1270 solacia.
654 1208 684 1268 in
708 1207 769 1269 hoc
792 1217 824 1270 te
847 1208 982 1288 perduc,
1014 1217 1048 1269 ut
1071 1207 1138 1270 illas
1161 1228 1233 1270 cum
1259 1208 1384 1282 uideris,

155 1316 354 1378 admonearis
378 1314 442 1389 tilii,
466 1335 531 1375 non
555 1313 682 1376 doloris,
728 1313 865 1394 agricola
889 1316 1003 1377 euersis
1027 1314 1200 1390 arboribus,
1223 1335 1305 1398 quas
1329 1323 1383 1376 aut
1402 1326 1416 1379 t

118 1441 141 1481 ro
155 1432 268 1484 uentus
291 1422 438 1484 radicitus
461 1420 574 1483 euolsit
597 1429 651 1482 aut
673 1429 837 1482 contortus
862 1423 1025 1502 repentino
1049 1423 1157 1503 inpetu
1180 1422 1276 1484 turbo
1292 1442 1383 1504 prae-

154 1528 262 1610 fregit,
292 1528 437 1591 subolem
470 1548 511 1588 ex
541 1527 598 1588 illis
633 1528 790 1589 residuam
821 1526 908 1589 louet
939 1536 971 1589 et
1002 1529 1032 1589 in
1063 1529 1248 1590 amissarum
1280 1529 1384 1589 locum

104 1656 106 1662 ’
154 1636 274 1698 semina
296 1636 403 1697 statim
426 1633 612 1716 plantasque
635 1634 772 1714 deponit.
805 1642 836 1694 et
860 1643 1034 1706 momento,
1058 1655 1131 1698 nam
1147 1645 1182 1697 ut
1198 1636 1240 1727 ad
1257 1637 1384 1710 damna,

153 1743 197 1804 ita
219 1744 261 1804 ad
284 1743 477 1804 incrementa
501 1742 644 1820 rapidum
660 1730 820 1820 ueloxque
836 1748 962 1821 tempus
979 1749 1036 1816 est,
1060 1734 1245 1804 adulescunt
1261 1743 1384 1804 amissis

155 1849 292 1911 laetiora.
338 1847 395 1910 has
433 1868 516 1909 nunc
547 1846 644 1908 Metili
683 1848 728 1907 tui
764 1845 841 1908 filias
872 1848 902 1908 in
933 1848 999 1909 eius
1029 1849 1129 1909 uicem
1161 1848 1319 1911 substitue
1351 1856 1417 1911 et8

118 1978 141 2014 n
155 1964 319 2017 uocantem
351 1955 455 2016 locum
487 1954 581 2034 exple
613 1962 645 2015 et
676 1974 773 2015 unum
805 1953 949 2016 dolorem
974 1956 1136 2035 geminato
1159 1955 1278 2018 solacio
1302 1955 1383 2021 leua

155 2072 203 2124 est
233 2061 361 2143 quidem
392 2059 471 2122 haec
501 2069 612 2121 natura
642 2059 823 2121 mortalium
854 2070 888 2122 ut
917 2060 991 2122 nihil
1015 2065 1115 2144 magis
1138 2061 1262 2144 placeat
1284 2083 1383 2145 quam

155 2169 242 2249 quod
272 2167 422 2228 amissum
453 2176 509 2230 est.
555 2167 720 2246 iniquiores
751 2187 859 2228 sumus
888 2169 1039 2230 aduersus
1067 2168 1174 2232 relicta
1197 2178 1382 2252 ereptorum

155 2274 320 2336 desiderio¹
366 2273 423 2334 sed
458 2273 484 2335 si
519 2273 686 2335 aestimare
723 2272 873 2349 uolueriS,
909 2295 1004 2358 quam
1036 2275 1129 2338 ualde
1158 2277 1215 2339 tibi
1246 2276 1383 2352 fortuna,

155 2382 251 2443 etiarn
274 2399 347 2442 cum
369 2380 512 2454 saeuiret,
535 2380 718 2460 pepercerit,
742 2380 821 2442 scies
844 2390 876 2442 te
899 2379 1017 2444 habere
1040 2367 1227 2464 plusquam
1244 2383 1379 2446 solacia:

115 2507 140 2547 n
155 2487 275 2568 respice
305 2495 354 2549 tot
376 2495 526 2567 nepotes,
558 2488 637 2547 duas
659 2484 746 2548 filias.
792 2488 843 2548 dic
865 2487 940 2549 illud
962 2509 1105 2571 quoque,
1137 2490 1274 2553 Marcia:
1311 2512 1380 2555 mo-

155 2614 259 2667 nerer,
295 2595 321 2654 si
356 2602 439 2655 esset
469 2594 580 2673 cuique
612 2593 735 2654 fortuna
766 2614 825 2674 pro
857 2595 996 2657 moribus
1028 2603 1060 2656 et
1090 2617 1265 2678 numquam
1299 2598 1383 2661 mala

72 2704 78 2721 ‘
154 2700 258 2763 bonos
281 2710 504 2781 sequerentur:
539 2720 620 2761 nunc
644 2700 737 2761 uideo
761 2710 915 2782 exempto
939 2702 1115 2765 discrimine
1139 2704 1255 2766 eodem
1280 2707 1382 2768 modo

155 2807 257 2881 malos
282 2807 449 2886 bonosque
473 2807 586 2868 iactari.

244 2913 346 2976 XVII.
392 2911 498 2975 Graue
529 2922 577 2974 est
608 2921 731 2986 tamen,
762 2933 857 2993 quern
889 2914 1087 2991 educaueris,
1123 2918 1286 2992 iuuenem,
1319 2919 1412 2981 iamt

116 3041 141 3080 aa
157 3021 258 3095 matri,
281 3020 343 3082 iam
367 3021 448 3100 patri
471 3021 661 3101 praesidium
685 3039 723 3080 ac
747 3021 851 3097 decus,
875 3023 1029 3085 amittere.
1075 3025 1145 3104 quis
1167 3034 1265 3104 negat
1281 3045 1382 3106 graue

154 3130 243 3188 esse?
281 3128 339 3188 sed
370 3126 543 3188 humanum
572 3137 628 3188 est.
673 3129 713 3188 ad
745 3125 807 3189 hoc
838 3131 962 3207 genitus
993 3150 1042 3204 es,
1079 3141 1113 3193 ut
1143 3109 1311 3224 perderes,
1348 3140 1383 3193 ut

156 3347 281 3398 'lnullum
301 3348 367 3395 aiunt
392 3344 490 3415 (trustra
509 3347 597 3396 cadere
622 3347 673 3398 tell]
692 3348 727 3412 qd
746 3354 756 3398 i
775 3348 888 3399 consertu
911 3347 938 3399 in
957 3364 1043 3419 mam.
1064 3365 1098 3406 m.
1118 3351 1144 3416 2)
1209 3419 1213 3426 .
1249 3353 1383 3405 2inuidia

156 3452 193 3519 (ia
212 3454 278 3519 ras.)
377 3455 499 3518 &preter
518 3454 574 3502 uehi
670 3455 752 3521 adhpc
855 3450 1060 3506 bfiliasYharum
1079 3455 1104 3511 a.
1125 3475 1147 3511 e.
1167 3459 1230 3508 filias
1250 3465 1274 3509 et
1293 3461 1384 3512 harum

257 3550 272 3603 ’ἵ
291 3553 311 3600 si
330 3552 395 3600 male
413 3551 460 3600 fers
485 3549 548 3603 olim
568 3554 734 3605 correctam:
762 3553 853 3602 similes
872 3545 919 3626 ser}
1016 3553 1076 3607 8te
1094 3557 1185 3620 perduc
1204 3523 1339 3628 Madaip:
1361 3567 1385 3610 te

93 3755 97 3768 .
155 3654 242 3750 pduxn
347 3682 494 3748 9agricola
512 3685 602 3734 euersis
621 3682 786 3739 deteriores:
808 3687 918 3751 agricole
936 3689 1011 3736 uersis
1116 3688 1149 3740 10
1168 3691 1255 3740 euulsit
1274 3699 1317 3742 aut
1337 3691 1384 3746 de·

1154 3775 1162 3815 l

155 3826 283 3880 teriores:
311 3819 415 3902 auolsiu}
433 3835 457 3878 ut
485 3828 558 3896 (ante
576 3835 601 3877 ut
620 3825 717 3880 addita
736 3828 760 3894 a)
864 3830 955 3894 impetu
1030 3888 1031 3893 η
1061 3830 1091 3882 11
1113 3832 1182 3881 exilis
1201 3833 1220 3899 (1
1238 3801 1383 3904 supraema

155 3940 189 3980 m.
202 3926 264 3994 pr.)
366 3926 432 3976 fouet
451 3924 614 3980 deteriores:
642 3926 702 3975 fouit
805 3931 827 3975 et
852 3928 876 3975 in
895 3929 1039 3978 amissarum
1058 3929 1140 3978 locum
1161 3927 1252 3994 llaalt,
1277 3936 1310 3984 ul
1329 3932 1384 3986 tam

155 4011 309 4068 dubitanter
332 4022 458 4069 suaserat
476 4011 597 4075 Fickert,
624 4022 646 4063 et
671 4016 815 4064 amissarum
840 4013 939 4084 italya:
962 4024 985 4066 et
1003 4018 1029 4066 in
1047 4018 1145 4077 missatt
1164 4018 1232 4085 aad„
1258 4019 1384 4076 sednon

99 4152 108 4170 .,
155 4103 318 4156 amissarum
337 4103 440 4157 semina
458 4107 486 4156 et
497 4099 618 4172 plantas,
637 4101 688 4155 red
705 4100 774 4156 alias
793 4103 819 4155 in
840 4119 934 4157 aarum
953 4103 1041 4158 locum
1060 4104 1162 4176 deponi
1178 4114 1300 4177 apparet

157 4244 189 4297 12
209 4246 310 4310 deponit
329 4242 529 4298 Marklaadus:
552 4247 659 4310 disponit
750 4190 858 4297 aidamna
954 4247 988 4300 13
1008 4249 1150 4300 adolescunt
1240 4251 1275 4303 14
1295 4257 1384 4305 metilii

252 4333 284 4386 15
304 4335 398 4399 exples
417 4341 440 4384 et
459 4351 530 4384 unum
551 4335 694 4404 (punctam
714 4346 830 4398 erasum,
850 4342 874 4386 et
893 4352 910 4390 a
928 4351 1001 4393 corr.
1019 4335 1097 4404 ada.)
1201 4339 1234 4392 1?
1254 4342 1385 4407 iniquioris

253 4422 284 4473 19
304 4424 407 4472 saeuiret
429 4421 533 4476 Haase:
554 4423 666 4472 saeuierit
