3060 5078
210 338 250 400 78
568 326 648 370 DIAL.
666 326 705 371 lV.
732 327 774 367 DE
789 327 841 367 IRA
857 326 910 368 LlB.
926 325 955 369 11.
984 329 1073 370 att-31.

208 478 361 540 debuerit.
415 495 480 536 non
511 482 575 549 est,
606 475 720 554 inquit,
751 474 840 555 quod
871 494 923 535 me
953 472 1136 555 protrahas,
1169 493 1232 554 ego
1262 474 1440 555 productus

208 583 345 663 negabo,
397 581 512 661 alioqui
546 578 621 641 nihil
653 600 804 661 umquam
835 579 892 641 tibi
922 579 1034 642 dicam.
1088 581 1206 642 eodem
1235 590 1389 662 tempore
1410 590 1442 643 et

208 689 336 769 instigat
359 697 391 751 et
418 688 486 769 ipse
508 707 543 749 se
566 687 728 748 certamini
755 706 943 768 pugnaeque
966 685 1131 749 subtrahit.
1177 687 1231 768 qui
1253 685 1362 749 dicere
1385 686 1441 749 tibi

208 796 265 856 nisi
295 793 390 856 clam¹
408 811 473 854 non
503 792 586 867 uult,
617 811 719 873 paene
749 811 813 853 non
848 791 922 853 dicit
977 791 1053 873 quid
1084 800 1133 854 est
1168 791 1305 874 iniquius
1342 813 1440 876 quam

170 920 183 958 s
211 909 335 963 secreto
358 902 496 974 credere,
520 898 626 981 palam
649 896 757 960 irasci?

298 1006 403 1068 XXX.
449 1005 660 1086 Quorundam
690 1004 748 1086 ipsi
778 1012 876 1066 testes
906 1026 1021 1068 sumus
1068 1006 1099 1067 in
1119 1005 1180 1085 ‚his
1209 1013 1360 1075 naturam
1385 1027 1512 1071 ex*

210 1112 363 1174 cutiemus
401 1111 660 1191 uoluntatemque
697 1109 884 1172 facientium.
937 1131 1016 1191 puer
1053 1119 1117 1173 est:
1158 1113 1255 1174 aetati
1295 1115 1509 1190 donetur&

210 1218 309 1280 nescit
332 1238 373 1279 an
395 1226 516 1299 peccet.
563 1224 654 1299 pater
677 1225 743 1278 est:
779 1226 833 1279 aut
855 1225 979 1279 tantum
1002 1218 1127 1299 profuit,
1151 1228 1186 1279 ut
1208 1218 1250 1280 illi
1273 1220 1374 1281 etiam
1398 1221 1428 1282 in
1449 1268 1504 1286 s

211 1325 305 1387 iuriae
343 1326 389 1387 ius
427 1325 475 1399 sit,
513 1331 568 1385 aut
605 1322 739 1385 fortasse
777 1324 879 1404 ipsum
918 1325 981 1385 hoc
1011 1325 1159 1386 meritum
1190 1325 1256 1386 eius
1288 1335 1338 1388 est
1379 1348 1503 1408 quq,

172 1455 197 1496 10
211 1431 411 1493 offendimur.
457 1429 568 1492 mulier
598 1439 665 1492 est:
700 1439 790 1493 errat.
834 1431 934 1491 iussus
964 1437 1032 1491 est:
1073 1431 1252 1492 necessitati
1282 1433 1355 1512 quis
1386 1433 1501 1506 nisj

210 1539 331 1618 iniquus
358 1540 539 1598 suscenset?
578 1535 681 1598 laesus
712 1545 775 1598 est:
817 1556 882 1598 non
913 1544 961 1597 est
991 1537 1099 1598 iniuria
1130 1538 1196 1618 pati
1227 1540 1317 1620 quod
1357 1539 1500 1622 prims

116 1678 119 1683 ·
211 1643 328 1706 feceris.
374 1643 472 1704 iudex
495 1651 562 1704 est:
596 1642 666 1723 plus
694 1641 804 1704 credas
834 1641 911 1704 illius
933 1644 1109 1705 sententiae
1132 1664 1228 1725 quam
1252 1653 1337 1708 tuae,
1384 1665 1495 1717 122<

211 1759 278 1829 est:
304 1751 329 1812 si
352 1759 522 1811 nocentem
538 1751 634 1830 punit,
656 1750 734 1811 cede
750 1749 891 1823 iustitiae,
915 1749 940 1810 si
955 1750 1165 1824 innocentem,
1189 1753 1271 1813 cede
1286 1750 1448 1817 fortuna.
1457 1781 1488 1824 ε,

211 1865 334 1918 mutum
364 1855 479 1917 animal
510 1864 559 1917 est
589 1863 647 1933 aut,
661 1855 773 1917 simile
803 1863 913 1917 muto:
947 1855 1076 1917 imitaris
1103 1854 1195 1930 illud,
1234 1857 1260 1918 si
1291 1858 1480 1930 irasceris,
1492 1883 1505 1932 2)

174 1985 198 2024 rs
212 1961 343 2025 morbus
367 1971 415 2024 est
439 1970 493 2023 aut
516 1960 697 2023 calamitas:
723 1961 821 2023 leuius
845 1961 995 2024 transiliet
1017 1963 1234 2024 sustinentem.
1283 1964 1364 2026 deus
1379 1985 1437 2027 es
1445 1978 1470 2031 t.-

211 2078 277 2130 tam
308 2069 414 2149 perdis
447 2088 578 2149 operam
612 2088 684 2129 cum
714 2066 755 2128 illi
786 2068 942 2143 irasceris,
979 2088 1076 2149 quam
1116 2089 1188 2130 cum
1227 2068 1316 2132 illum
1355 2069 1463 2135 alteri

212 2175 349 2256 precaris
379 2175 501 2237 iratum.
546 2173 650 2235 bonus
673 2174 719 2235 uir
750 2183 799 2236 est
821 2175 874 2255 qui
904 2174 1045 2236 iniuriam
1080 2174 1171 2237 fecit:
1206 2174 1271 2238 noli
1303 2178 1450 2239 credere.

214 2279 333 2342 malus:
366 2280 431 2342 noli
460 2280 572 2354 mirari,
604 2280 693 2342 dabit
723 2300 843 2362 poenas
874 2276 1065 2361 alteriquas
1096 2280 1194 2344 debet
1216 2282 1292 2358 tibi,
1324 2292 1358 2345 et
1379 2284 1439 2345 iam

213 2385 271 2448 sibi
295 2386 383 2447 dedit
406 2385 458 2466 qui
481 2387 632 2466 peccauit.

160 2500 199 2554 '20
303 2482 430 2555 XXXI:
467 2493 542 2554 Duo
580 2502 665 2568 sunt,
704 2501 738 2554 ut
777 2493 860 2568 dixi,
906 2512 988 2573 quae
1025 2494 1219 2556 iracundiam
1258 2496 1427 2559 concitant:

212 2576 358 2680 primum,
382 2599 407 2659 si
430 2599 571 2661 iniuriam
594 2601 737 2661 uidemur
760 2599 927 2680 accepisse.
975 2601 1016 2662 de
1046 2599 1110 2663 hoc
1139 2601 1216 2662 satis
1240 2602 1362 2664 dictum
1385 2612 1431 2665 est.

213 2705 337 2779 deinde,
360 2706 386 2766 si
408 2705 512 2786 iniqua
527 2707 694 2786 accepisse.
740 2704 780 2767 de
795 2703 859 2767 hoc
875 2705 1044 2768 dicendum
1060 2715 1116 2768 est:
1161 2706 1268 2789 iniqua
1282 2709 1433 2789 quaedam

212 2812 350 2874 iudicant
380 2809 541 2886 homines,
573 2813 646 2893 quia
674 2812 740 2892 pati
770 2832 835 2874 non
863 2812 1044 2893 debuerint,
1075 2814 1251 2895 quaedam,
1281 2814 1435 2895 quianon

213 2918 415 2998 sperauerint.
461 2919 590 2998 indigna
611 2928 759 2998 putamus
775 2937 857 3000 quae
872 2919 1033 3000 inopinata
1051 2928 1132 2981 sunt.
1178 2920 1284 3000 itaque
1300 2922 1437 2983 maxime
1452 2922 1530 2977 ‘s

172 3052 198 3093 25
213 3032 421 3086 commouent
444 3044 525 3106 quae
548 3033 659 3085 contra
681 3043 772 3104 spem
805 3025 1126 3105 expectationemque
1156 3035 1338 3088 euenerunt
1384 3047 1440 3090 nec

212 3129 295 3192 aliud
319 3139 368 3191 est
391 3151 488 3211 quare
512 3131 542 3190 in
566 3130 748 3191 domesticis
772 3129 901 3190 minima
917 3129 1092 3206 offendant,
1115 3131 1146 3192 in
1168 3130 1276 3194 amicis
1298 3133 1440 3196 iniuriam

152 3299 153 3303 ,
195 3255 363 3297 ὐοςεῐηυε
394 3235 636 3318 neglegentiam.
683 3236 851 3317 quomodo
882 3256 977 3317 ergo,
1008 3236 1122 3331 inquit,
1153 3237 1352 3302 inimicorum
1383 3254 1471 3307 n0s3

212 3341 337 3402 iniuriae
375 3345 527 3403 mouent?
574 3342 646 3424 quia
683 3362 747 3403 non
787 3343 1025 3423 expectauimus
1063 3342 1130 3405 illas
1167 3352 1222 3406 aut
1253 3352 1342 3406 certe
1378 3366 1443 3410 non

212 3456 324 3510 tantas.
370 3447 432 3510 hoc
470 3445 564 3509 elficit
602 3468 692 3510 amor
730 3448 828 3510 nostri
865 3449 988 3511 nimius.
1040 3449 1207 3511 inuiolatos
1244 3468 1305 3511 nos
1346 3450 1442 3514 etiam

172 3572 198 3614 ao
213 3554 341 3615 inimicis
373 3553 545 3615 iudicamus
576 3574 645 3616 esse
677 3554 803 3616 debere.
849 3555 932 3634 regis
962 3555 1094 3635 quisque
1124 3556 1205 3617 intra
1234 3574 1271 3617 se
1300 3558 1444 3620 animum

212 3659 318 3735 habet,
342 3669 376 3722 ut
398 3659 554 3721 licentiam
577 3661 636 3722 sibi
660 3662 727 3723 dari
749 3656 831 3735 uelit,
862 3661 893 3721 in
916 3681 951 3723 se
974 3661 1060 3723 nolit.
1106 3670 1160 3723 aut
1182 3662 1363 3742 ignorantia
1386 3665 1476 3730 ita-l
1517 3692 1524 3698 ·

212 3786 273 3847 que
296 3786 355 3826 nos
388 3775 442 3827 aut
473 3765 639 3828 insolentia
670 3767 839 3828 iracundos
871 3765 953 3828 facit
1002 3768 1178 3847 ignorantia
1208 3787 1331 3832 rerum:
1366 3772 1445 3853 quid

212 3872 295 3933 enim
331 3872 443 3933 mirum
475 3881 523 3934 est
551 3872 652 3934 malos
684 3872 767 3934 mala
798 3871 937 3934 facinora
967 3875 1082 3935 edere?
1114 3875 1190 3955 quid
1221 3875 1297 3936 noui
1329 3884 1389 3953 est,
1419 3877 1445 3940 si

211 3978 351 4040 inimicus
390 3988 494 4053 nocet,
532 3979 651 4040 amicus
690 3978 837 4054 offendit,
876 3978 956 4040 filius
993 3978 1122 4054 labitur,
1161 4000 1269 4041 seruus
1307 3987 1445 4063 peccat?

1488 860 1526 872 ἣ

1489 2474 1500 2521 l

282 4243 424 4295 2dicam*
451 4243 518 4309 (ras.
535 4240 659 4310 sortasse
672 4241 782 4311 puncti)
866 4242 895 4294 ll
915 4243 1010 4308 iniquus
1031 4242 1100 4309 (quus
1119 4241 1147 4295 in
1166 4242 1234 4308 rau)
1311 4245 1347 4300 18
1366 4264 1445 4312 penas

282 4331 316 4384 20
335 4333 459 4381 concitant
473 4328 615 4400 plerique:
637 4333 745 4382 cncitent
764 4331 798 4397 (ci
817 4328 902 4397 corr.)
980 4331 1015 4384 22
1033 4332 1116 4396 iniqua
1135 4332 1261 4396 accepisse
1279 4329 1443 4388 Michaelis:

212 4420 276 4484 iniq;
299 4422 423 4485 accepisse
496 4420 529 4472 26
550 4420 616 4469 aliud
636 4420 665 4486 (d
683 4420 767 4485 οονν.)
