3046 5092
163 337 224 399 136
352 329 431 373 DlAL.
447 331 484 372 VI.
514 301 555 371 nu
570 326 714 370 Manciam
731 331 770 370 DE
785 328 1026 373 CONSOLATIONE.
1057 333 1089 375 14.
1105 333 1138 376 15.
1155 332 1187 374 16.

156 485 339 558 peragraret
367 497 428 538 nec
459 497 579 538 oceano
611 479 770 539 continere
800 463 979 547 felicitatem
1010 495 1100 538 suam
1128 484 1254 558 posset,
1286 477 1390 538 audiit

156 584 327 645 decessisse
350 583 445 645 tiliam
468 582 594 666 publica
617 604 724 646 secum
749 583 812 645 fata
836 585 1014 645 ducentem.
1052 583 1083 644 in
1107 581 1205 645 oculis
1228 590 1297 645 erat
1321 583 1388 644 iam

69 735 75 749 .
156 689 212 754 Cn.
235 691 404 774 Pompeius
435 711 499 753 non
530 680 632 772 aequ'o
656 690 772 752 laturus
795 692 901 752 animo
926 709 1117 772 quemquam
1142 688 1235 751 alium
1259 709 1331 751 esse
1355 689 1388 750 in

48 811 49 814 ’
155 798 314 879 republica
337 818 489 879 magnum
514 807 546 859 et
569 799 702 858 modum
725 798 915 879 inposituros
938 797 1146 870 incrementis,
1170 816 1251 882 quae
1275 796 1390 877 grauia

128 904 194 966 silli
226 905 413 966 uidebantur
442 906 537 966 etiam
569 924 640 965 cum
670 905 701 964 in
732 924 902 966 commune
933 911 1126 964 crescerent:
1163 911 1271 964 tamen
1302 904 1389 964 intra

154 1013 281 1074 tertium
315 1013 398 1073 diem
429 1011 632 1093 imperatoria
663 1010 740 1071 obiit
772 1014 876 1072 munia
907 1019 1028 1071 ettam
1053 1011 1115 1071 cito
1140 1007 1283 1070 dolorem
1297 1000 1390 1070 ‘uicit

154 1138 251 1200 quam
275 1119 383 1179 omnia
406 1116 537 1179 solebat.
1082 1189 1086 1192 g

243 1224 316 1286 XV.
362 1223 449 1304 Quid
480 1223 611 1285 aliorum
643 1224 698 1284 tibi
727 1222 836 1284 funera
860 1222 1031 1285 Caesarum
1055 1221 1208 1283 reseram?
1246 1240 1332 1302 quos
1357 1222 1426 1282 int

154 1330 217 1391 hoc
248 1330 324 1392 mihi
357 1331 480 1391 uidetur
511 1331 633 1391 interim
665 1329 781 1390 uiolare
811 1327 952 1404 fortuna,
984 1337 1018 1390 ut
1050 1328 1094 1398 sic
1123 1348 1252 1408 quoque
1274 1326 1390 1408 generi

116 1424 294 1497 inhumano
317 1437 438 1517 prosint
461 1436 666 1498 ostendentes
690 1455 730 1496 ne
754 1455 810 1497 eos
832 1436 970 1516 quidem,
994 1436 1046 1516 qui
1062 1435 1110 1496 dis
1126 1435 1222 1514 geniti
1239 1435 1390 1515 deosque

154 1543 287 1622 genituri
317 1544 476 1617 dicantur,
507 1543 551 1604 sic
573 1563 663 1604 suam
694 1542 853 1604 fortunam
878 1543 908 1603 in
930 1550 1090 1625 potestate
1120 1541 1238 1602 habere
1270 1560 1387 1622 quem·

155 1647 330 1708 admodum
354 1646 497 1709 alienam.
540 1648 630 1709 diuus
651 1647 818 1728 Augustus
842 1649 963 1709 amissis
986 1647 1098 1721 liberis
1122 1646 1301 1728 nepotibus,
1327 1666 1387 1707 ex·
1412 1654 1430 1708 2

155 1752 266 1815 hausta
291 1753 461 1816 Caesarum
492 1754 586 1817 turba
616 1757 788 1835 adoptione
820 1754 979 1815 desertam
1011 1755 1145 1815 domum
1176 1751 1266 1814 fulsit.
1314 1752 1391 1814 tulit

141 1868 263 1930 tamen
285 1869 352 1920 tam
376 1860 498 1923 fortiter
521 1881 616 1942 quam
642 1862 726 1922 cuius
749 1862 885 1938 iamres
906 1855 1060 1941 agebatur
1076 1847 1225 1941 cuiusque
1240 1861 1390 1943 maxime

118 1988 140 2026 u
154 1966 301 2028 intererat
323 1966 364 2028 de
388 1969 436 2028 dis
458 1969 615 2029 neminem
639 1967 734 2047 queri.
766 1967 910 2028 Tiberius
926 1965 1041 2028 Caesar
1065 1975 1097 2028 et
1118 1986 1213 2047 quem
1229 1976 1391 2047 genuerat
1412 1974 1429 2028 3

154 2082 187 2133 et
209 2093 304 2154 quem
328 2074 545 2155 adoptauerat,
569 2075 680 2148 amisit,
704 2074 771 2153 ipse
794 2082 902 2135 tamen
924 2093 982 2155 pro
1007 2075 1114 2135 rostris
1131 2072 1269 2135 laudauit
1283 2071 1389 2135 filium

151 2181 304 2259 stetitque
327 2181 357 2240 in
381 2190 551 2260 conspectu
575 2181 680 2261 posito
704 2199 846 2260 corpore,
870 2181 1032 2242 interiecto
1054 2180 1279 2242 tantummodo
1298 2179 1388 2242 uela-

155 2295 280 2360 ment0,
312 2288 400 2366 quod
430 2285 586 2367 pontificis
614 2286 723 2348 oculos
747 2307 766 2347 a
788 2285 896 2348 sunere
919 2296 1056 2360 arceret,
1088 2295 1120 2349 et
1143 2285 1238 2349 flente
1261 2286 1389 2368 populo

155 2392 304 2453 Romano
339 2412 403 2453 non
440 2391 529 2454 flexit
565 2391 696 2453 uoltum.
743 2392 988 2473 experiendum.
1008 2413 1043 2454 se
1073 2393 1161 2455 dedit
1192 2390 1312 2454 Seiano
1344 2393 1390 2454 ad

91 2518 141 2579 ’20
156 2497 237 2559 latus
260 2499 363 2573 stanti,
387 2518 482 2580 quam
506 2499 661 2578 patienter
684 2508 793 2579 posset
816 2519 891 2560 suos
921 2500 1064 2580 perdere.
1110 2498 1239 2560 videsne
1262 2506 1426 2580 quantat

156 2605 246 2685 copia
277 2606 416 2667 uirorum
439 2607 653 2667 maximorum
676 2607 732 2681 sit,
763 2626 844 2686 quos
867 2626 931 2666 non
955 2607 1083 2687 excepit
1106 2605 1156 2667 hic
1178 2604 1287 2666 omnia
1311 2616 1409 2688 pro-'

155 2719 297 2772 sternens
321 2716 430 2775 casus?
455 2712 543 2774 etin
567 2733 648 2793 quos
671 2721 721 2774 tot
744 2713 839 2774 animi
862 2713 956 2788 bona,
980 2721 1031 2775 tot
1055 2720 1242 2774 ornamenta
1257 2711 1390 2793 publice

79 2889 87 2902 ‚
155 2819 363 2899 priuatimque
386 2827 540 2900 congesta
564 2822 671 2880 erant?
695 2819 751 2880 sed
775 2818 920 2880 uidelicet
944 2821 967 2881 it
988 2820 1020 2880 in
1043 2818 1155 2881 orbem
1170 2819 1229 2880 ista
1244 2826 1388 2900 tempes-

155 2935 204 2988 tas
234 2935 267 2988 et
297 2927 363 2987 sine
394 2925 509 2988 dilectu
540 2934 644 2988 uastat
675 2927 782 2987 omnia
811 2927 940 3006 agitque
971 2934 1006 2987 ut
1036 2945 1100 2989 sua.
1145 2925 1218 2987 iube
1242 2924 1390 3006 singulos

117 3030 300 3094 reconferre
322 3033 492 3095 rationem:
521 3033 594 3095 nulli
618 3034 749 3113 contigit
772 3034 888 3114 inpune
911 3034 995 3095 nasci

245 3138 332 3200 XVI.
379 3138 452 3201 Scio
487 3140 562 3222 quid
597 3140 700 3202 dicas:
743 3138 860 3201 oblitus
895 3159 929 3200 es
968 3138 1116 3201 seminam
1155 3146 1187 3200 te
1218 3137 1421 3214 consolarit

96 3233 98 3237 ³
156 3247 295 3308 uirorum
331 3245 425 3308 refers
462 3246 619 3328 exempla.
669 3247 738 3326 quis
776 3256 883 3309 autem
924 3247 1040 3308 dixerit
1070 3254 1214 3307 naturam
1247 3243 1389 3326 maligne

158 3405 291 3412 -..-...-.
312 3407 316 3411 .
332 3408 354 3411 .,.

160 3510 169 3561 1
199 3511 277 3559 audiit
295 3509 422 3564 Fickert:
445 3513 491 3561 aud
512 3514 546 3560 ir·
641 3511 656 3563 2
682 3513 804 3579 publicar:-
919 3511 934 3563 23
960 3513 1047 3560 inre-P·
1161 3509 1178 3562 4
1204 3511 1229 3560 in
1247 3461 1388 3589 positururlr

261 3607 424 3677 5cumtin*
532 3616 667 3660 crescerent
686 3607 850 3662 deteriores:
872 3614 991 3658 cresceret
1093 3607 1196 3661 [iobiit
1216 3606 1387 3665 deteriores:

159 3751 193 3799 ob
213 3753 231 3800 it
333 3751 347 3803 9
373 3752 449 3800 michi
493 3795 496 3801 .
554 3751 587 3804 10
613 3709 651 3801 dls
669 3752 746 3816 geniti
769 3751 876 3815 deosque
899 3751 1018 3815 genituri:
1044 3747 1112 3802 llaec
1136 3753 1245 3819 sumpta
1269 3765 1334 3805 csse
1352 3768 1391 3806 ea·

161 3873 241 3945 Verq.
262 3876 327 3929 Aen.
349 3880 377 3940 9,
397 3880 448 3928 642
474 3874 605 3929 indicauit
627 3874 722 3930 Haase
819 3876 851 3929 12
870 3838 981 3940 nepotibs
1067 3873 1099 3926 ’14
1118 3881 1202 3925 tamen
1220 3879 1274 3924 tam
1296 3872 1391 3939 Gertz,

157 4025 207 4069 tam
226 4015 358 4088 Madru‘p:
378 4027 461 4068 tamen
564 4018 597 4070 15
617 3977 686 4068 dedls
780 4019 812 4071 T.
832 4034 901 4082 cesar
999 4022 1114 4082 genuerat
1134 4016 1159 4084 (u
1178 4016 1207 4069 in
1224 4016 1298 4085 ras.)

159 4107 190 4160 lt
210 4109 263 4175 ipse
361 4106 394 4160 18
414 4110 487 4157 flente
506 4109 566 4156 P·R·
666 4107 698 4160 19
717 4108 787 4158 uultu
883 4106 917 4159 20
936 4111 1019 4171 posset
1038 4102 1204 4159 deteriores:
1224 4110 1305 4171 possit
1394 4125 1415 4173 sp

700 4194 709 4225 t

158 4249 191 4302 21
211 4257 365 4315 prosternens
385 4248 551 4303 deteriores:
573 4241 711 4323 prosterne}
798 4248 832 4301 22
851 4249 918 4298 etin
937 4265 998 4314 quos
1017 4246 1125 4316 Haase,
1144 4255 1168 4300 et
1185 4265 1234 4314 quo
1253 4245 1389 4322 Madvig:

137 4391 140 4397 ,
160 4352 183 4396 et
203 4364 263 4412 quos
276 4346 336 4400 cod.
355 4346 493 4401 Orationis
502 4346 622 4417 formam
635 4345 750 4401 eandem
763 4361 825 4400 esre
836 4350 918 4416 atque
932 4348 972 4409 13,
992 4349 1045 4399 tet
1056 4347 1264 4412 quem-mutatio?
1283 4347 1391 4418 etpurifi-

161 4435 234 4486 cum't
255 4433 335 4488 Gerr:
427 4437 461 4489 27
481 4439 554 4486 refers
574 4435 739 4489 deteriores:
761 4437 823 4485 refer
912 4436 1001 4485 dixerit
1020 4431 1184 4516 Pirtn'unw
1204 4436 1267 4486 dixit
