3046 5092
346 342 425 387 DIAL.
432 343 488 386 vn.
517 343 559 384 AD
574 343 753 386 GALLIONEM
769 345 808 385 DE
822 344 893 386 VITA
907 345 1015 389 ΒΕΑΤΑ.
1044 349 1063 391 2.
1077 349 1097 390 3,
1270 357 1332 417 157

77 485 255 552 3fatebitur
286 509 324 550 ac
355 491 457 551 dicet:
491 466 644 571 quidquid
675 489 733 551 feci
764 490 884 566 adhuc,
915 491 1063 554 infectum
1096 515 1166 556 esse
1197 495 1332 558 mallem.

102 597 257 678 quidquid
281 597 348 658 dixi
371 616 442 657 cum
467 598 617 676 recogito,
641 598 735 658 mutis
758 598 891 660 inuideo.
924 600 1078 680 quidquid
1093 601 1209 682 optaui,
1234 603 1331 663 inimi-

93 716 216 766 corum
238 704 474 764 execrationem
498 711 585 783 puto.
630 704 783 784 quidquid
805 705 902 779 timui,
926 685 1070 780 di'boni,
1093 717 1212 786 quanto
1237 709 1333 770 leuius

86 799 168 872 fuit
187 829 279 890 quarn
302 810 389 890 quod
414 810 576 889 concupii?
601 829 673 870 cum
695 809 798 870 multis
814 810 986 872 inimicitias
1003 812 1087 891 gessi
1102 820 1135 873 et
1150 814 1180 874 in
1197 815 1331 893 gratiam

79 926 155 976 ex
175 917 255 991 odi0,
278 917 304 977 si
327 917 426 976 modo
450 913 512 978 ulla
534 915 614 977 inter
637 915 738 977 malos
762 917 862 996 gratia
886 925 942 989 est,
966 918 1057 979 redii:
1087 917 1161 979 mihi
1177 921 1234 1000 ipsi
1251 939 1360 982 non-⁵

74 1015 185 1084 dum
213 1023 332 1084 amicus
361 1042 441 1084 sum.
487 1042 616 1083 omnem
640 1042 772 1103 operam
796 1023 886 1097 dedi,
911 1034 946 1085 ut
969 1044 1021 1085 me
1045 1025 1233 1088 multitudini
1257 1028 1332 1089 edu-

68 1139 209 1192 cerem
240 1138 273 1191 et
303 1129 407 1209 aliqua
436 1129 514 1190 dote
544 1127 719 1191 notabilem
750 1128 902 1191 facerem:
936 1132 1012 1210 quid
1035 1131 1119 1192 aliud
1143 1153 1239 1213 quam
1264 1134 1333 1195 telis

31 1228 161 1298 4t11e
189 1236 323 1316 opposui
355 1244 387 1297 et
414 1234 645 1297 maliuolentiae
668 1237 756 1315 quod
781 1237 942 1297 morderet
967 1239 1111 1299 ostendi?
1143 1240 1232 1300 uides
1257 1240 1333 1302 istos

62 1344 160 1417 qui
181 1341 393 1423 eloquentiam
417 1339 555 1416 laudant,
579 1343 631 1423 qui
655 1362 734 1424 opes
749 1352 929 1423 sequuntur,
954 1344 1006 1423 qui
1022 1345 1141 1423 gratiae
1157 1345 1332 1421 adulantur,

60 1451 159 1523 qui
187 1450 364 1530 potentiam
396 1447 572 1510 extollunt?
610 1468 723 1509 omnes
754 1457 808 1510 aut
838 1458 910 1510 sunt
941 1449 1050 1511 hostes
1080 1460 1148 1524 aut,
1182 1454 1269 1532 quod
1301 1453 1332 1513 in
1350 1468 1373 1508 10

64 1563 209 1637 aequo
241 1564 306 1629 est,
337 1575 407 1616 esse
436 1564 578 1636 possunt.
623 1575 719 1635 quam
751 1575 885 1635 magnus
908 1557 1086 1634 mirantium
1109 1566 1175 1618 tam
1200 1579 1334 1639 magnus

66 1647 311 1724 inuidentium
341 1660 476 1742 populus
508 1670 570 1722 est:
605 1661 679 1741 quin
703 1662 808 1740 potius
831 1682 950 1742 quaero
974 1662 1100 1744 aliquod
1125 1684 1181 1724 usu
1204 1664 1333 1740 bonum,

73 1769 193 1846 quod
216 1768 360 1842 sentiam,
384 1787 446 1828 non
471 1768 559 1847 quod
582 1769 771 1829 ostendam?
796 1768 854 1829 ista
877 1789 958 1848 quae
981 1777 1170 1849 spectantur,
1195 1771 1235 1831 ad
1251 1791 1333 1851 quae

78 1875 294 1949 consistitur,
317 1894 401 1955 quae
422 1873 502 1935 alter
522 1872 610 1935 alteri
626 1883 756 1953 stupens
773 1884 936 1950 monstrat,
961 1874 1034 1937 foris
1050 1877 1157 1950 nitent,
1181 1874 1332 1939 introrsus

93 1983 225 2043 misera
247 1989 328 2043 sunt
364 2023 368 2026 -
1347 1999 1371 2039 u

191 2087 245 2149 ΙΙΙ.
285 2087 483 2170 Quaeramus
506 2087 634 2168 aliquod
659 2108 722 2149 non
746 2090 775 2149 in
799 2091 936 2170 speciem
960 2090 1090 2164 bonum,
1114 2093 1171 2153 sed
1195 2091 1331 2153 solidum

90 2205 137 2256 et
165 2194 297 2276 aequale
327 2204 360 2257 et
391 2215 410 2255 a
437 2195 606 2257 secretiore
638 2204 727 2276 parte
758 2193 934 2257 formosius.
955 2206 959 2214 '
980 2196 1043 2258 hoc
1073 2218 1226 2259 eruamus
1273 2218 1333 2260 nec
1384 2214 1386 2221 ·

91 2293 199 2382 longe
223 2300 361 2382 positum
385 2309 441 2362 est
479 2301 660 2362 inuenietur.
699 2303 777 2363 scire
800 2311 923 2364 tantum
948 2323 1027 2383 opus
1051 2311 1099 2365 est
1123 2325 1186 2384 quo
1204 2326 1331 2366 manum

94 2408 262 2488 porrigas:
295 2428 377 2468 nunc
407 2407 493 2469 uelut
523 2407 554 2468 in
584 2408 723 2469 tenebris
754 2409 854 2470 uicina
884 2411 1051 2471 transimus
1080 2411 1271 2472 offensantes
1295 2432 1333 2472 ea

51 2503 70 2557 2
96 2509 170 2594 ipsa
193 2533 276 2594 quae
300 2516 524 2576 desideramus.
563 2516 621 2576 sed
644 2534 685 2575 ne
707 2525 739 2576 te
763 2535 819 2595 per
842 2516 1019 2578 circumitus
1043 2515 1175 2592 traham,
1199 2517 1331 2579 aliorum
1347 2532 1372 2571 20

96 2620 231 2700 quidem
255 2620 419 2700 opiniones
441 2621 631 2702 praeteribo,
676 2642 750 2682 nam
775 2630 806 2683 et
830 2642 1014 2685 enumerare
1037 2623 1103 2685 illas
1126 2624 1257 2704 longum
1282 2633 1331 2686 est

98 2735 133 2787 et
165 2746 357 2807 coarguere:
395 2736 536 2788 nostram
568 2728 682 2808 accipe.
730 2737 871 2790 nostram
903 2737 1008 2790 autem
1039 2749 1110 2790 cum
1144 2731 1230 2805 dic0,
1267 2750 1330 2791 non

98 2832 210 2914 adligo
241 2854 293 2895 me
324 2835 365 2895 ad
396 2855 492 2896 unum
523 2833 658 2914 aliquem
687 2855 729 2896 ex
753 2834 868 2897 Stoicis
892 2836 1081 2916 proceribus.
1129 2847 1177 2898 est
1201 2847 1232 2898 et
1256 2837 1332 2899 mihi

99 2941 253 3002 censendi
283 2941 337 3003 ius.
383 2942 489 3021 itaque
519 2938 655 3021 aliquem
678 2961 808 3022 sequar,
842 2941 978 3023 aliquem
1002 2942 1118 3004 iubebo
1142 2944 1330 3005 sententiam

101 3046 251 3109 diuidere.
296 3046 430 3109 fortasse
460 3055 493 3109 et
523 3055 599 3128 post
629 3068 739 3109 omnes
770 3050 883 3111 citatus
914 3048 987 3110 nihil
1018 3049 1196 3130 inprobabo
1221 3070 1263 3110 ex
1286 3050 1330 3124 iis,
1345 3063 1370 3103 2⁵

61 3148 185 3236 3quae
207 3155 328 3235 priores
351 3153 562 3229 decreuerint‚
587 3162 618 3215 et
643 3155 762 3216 dicam:
797 3154 859 3215 hoc
882 3156 1014 3235 amplius
1038 3175 1161 3218 censeo.
1207 3157 1330 3218 interim

102 3263 191 3343 quod
219 3262 299 3323 inter
322 3260 425 3322 omnis
447 3258 574 3324 Stoicos
598 3263 761 3335 conuenit,
793 3282 897 3323 rerum
921 3271 1051 3324 naturae
1074 3264 1243 3325 adsentior.
1289 3264 1330 3324 ab

103 3366 153 3431 illa
175 3387 241 3429 non
263 3366 410 3429 deerrare
432 3374 465 3429 et
487 3368 529 3429 ad
553 3365 629 3429 illius
652 3365 757 3448 legem
774 3357 1021 3449 exemplumque
1036 3369 1164 3431 formari
1179 3370 1332 3451 sapientia

105 3484 166 3537 est:
193 3475 289 3536 beata
311 3483 360 3536 est
382 3494 460 3553 ergo
485 3475 549 3535 uita
571 3475 761 3535 conueniens
785 3482 914 3536 naturae
938 3495 1028 3550 suae,
1052 3496 1134 3556 quae
1157 3496 1219 3537 non
1243 3476 1332 3537 aliter

106 3581 287 3662 contingere
308 3588 431 3662 potest,
459 3599 554 3661 quam
578 3582 603 3642 si
626 3582 762 3660 primum
786 3601 863 3642 sana
886 3601 975 3642 mens
999 3591 1047 3643 est
1071 3592 1104 3644 et
1126 3584 1156 3644 in
1179 3591 1332 3664 perpetua
1345 3597 1371 3638 30

42 2076 52 2126 l

108 3775 316 3784 ψ*-

229 3917 241 3967 1
263 3915 325 3970 012
344 3921 369 3968 et
388 3912 651 3992 deincepsquicquid
777 3916 793 3968 ‘2
813 3917 885 3966 mutis
906 3913 1053 3972 witerus:
1080 3919 1105 3966 in
1123 3918 1205 3967 multis

109 4038 253 4091 dexodio*
345 4040 506 4089 'redii-mihi
525 4042 561 4102 (m
580 4037 690 4092 uidetur
708 4039 791 4106 corr.)
900 4012 1066 4104 guidesrstos
1166 4041 1199 4094 ‘ll
1228 4047 1331 4091 mostrat

211 4126 245 4181 16
271 4128 373 4193 aliquod
392 4125 453 4181 cod.
474 4129 499 4191 (d
518 4125 629 4181 uidetur
648 4142 686 4180 ex
704 4133 714 4178 t
732 4131 816 4191 corr.)
837 4130 928 4194 aliquid
947 4128 1030 4198 uulqo
1048 4136 1112 4199 post
1131 4129 1216 4200 Neap.

110 4215 139 4270 18
166 4219 275 4284 positum
307 4233 360 4268 esse
384 4209 518 4267 inuenietur
545 4213 627 4269 Gertz
652 4206 758 4282 positum
784 4218 917 4267 inuenietur
942 4215 1056 4287 Maduiq
1082 4217 1182 4270 iniuria
1207 4222 1329 4287 uterque,

110 4307 229 4374 moniam
254 4304 285 4360 id
308 4303 384 4375 quod
407 4320 461 4358 non
486 4303 566 4375 lonqe
583 4304 705 4375 positum
724 4310 763 4359 est
782 4306 834 4360 cito
853 4305 944 4375 (quam
963 4322 1056 4359 uocem
1075 4304 1204 4360 inutiliter
1222 4304 1331 4360 addidit
1425 4348 1428 4352 r

112 4443 272 4520 Stephanus)
291 4447 412 4502 inueniri
427 4445 497 4501 solet
620 4445 653 4501 23
678 4448 755 4513 alligo
839 4465 874 4499 e*
978 4447 1012 4501 24
1030 4450 1118 4513 itaq3*
1218 4449 1252 4503 25
1271 4395 1331 4499 erilis
