3046 5092
188 361 266 401 DlAL.
283 361 311 405 ll.
333 363 374 402 AD
392 359 533 402 SERENVM
548 360 609 401 NEC
625 359 716 401 INlVR.
733 356 792 398 NEC
808 355 980 398 CONTVMEL,
995 338 1090 420 ltCCIP.
1106 354 1168 397 SAP.
1189 354 1248 397 1.11.
1293 359 1330 418 17

95 513 188 578 redit
220 508 290 570 lene
321 508 485 588 fastigium.
534 527 633 588 nuper
668 528 739 568 cum
781 506 938 568 incidisset
970 503 1089 566 mentio
1120 503 1163 565 M.
1196 501 1333 576 Catonis
1412 505 1416 513 '

101 620 234 696 indigne
257 614 390 690 ferebas
414 617 493 677 sicut
517 636 550 676 es
574 613 741 694 iniquitatis
764 614 926 694 inpatiens
955 612 1042 691 quod
1068 610 1222 672 Catonem
1247 619 1334 671 aetas

111 747 165 788 sua
190 742 300 802 parum
324 721 537 797 intellexisset,
561 721 648 802 quod
672 740 766 801 supra
781 720 951 800 Pompeios
968 729 1007 780 ‘et
1030 717 1180 780 Caesares
1203 732 1337 798 surgen?

116 843 178 893 tem
209 827 285 890 inlra
308 829 453 890 Vatinios
484 830 648 910 posuisset.
695 838 727 890 et
758 827 813 889 tibi
845 827 1006 908 indignum
1035 827 1216 900 uidebatur,
1247 824 1335 906 quod

123 939 157 998 illi
186 936 361 997 dissuasuro
392 935 496 1016 legem
521 945 598 1016 toga
621 937 649 996 in
675 935 745 996 soro
769 944 853 997 esset
876 945 984 1015 erepta
1012 936 1161 1014 quodque
1185 954 1204 994 a
1228 933 1362 998 rostriso

127 1063 212 1122 usque
234 1043 274 1103 ad
298 1063 406 1103 arcum
430 1042 605 1103 Fabianum
629 1063 685 1122 per
708 1043 876 1104 seditiosae
904 1040 1046 1124 factionis
1070 1060 1181 1101 manus
1204 1041 1336 1101 traditus

132 1169 211 1211 uoces
239 1149 393 1229 inprobas,
418 1157 450 1210 et
480 1157 573 1229 sputa
596 1158 628 1210 et
651 1149 754 1210 omnis
785 1148 860 1210 alias
884 1149 1009 1209 insanae
1034 1145 1237 1209 multitudinis
1261 1167 1335 1207 con-

135 1255 255 1317 tumelias
279 1253 465 1336 pertulisset.

116 1367 124 1417 1
206 1362 238 1425 ll.
261 1362 346 1423 Tum
378 1383 439 1442 ego
472 1363 621 1444 respondi
652 1362 770 1424 habere
798 1371 843 1436 te,
874 1363 961 1442 quod
994 1360 1180 1442 reipublicae
1210 1360 1338 1424 nomine

139 1469 292 1543 mouereris,
316 1489 413 1549 quam
437 1469 508 1529 hinc
532 1469 564 1529 P.
590 1468 727 1543 Clodius
750 1468 822 1530 hinc
847 1469 990 1530 Vatinius
1018 1489 1055 1530 ac
1077 1469 1231 1550 pessimus
1255 1468 1336 1548 quis·
1356 1493 1378 1533 n

140 1595 186 1653 que
206 1575 436 1637 uenumdabant
468 1585 500 1638 et
531 1596 625 1637 caeca
655 1577 824 1657 cupiditate
856 1577 992 1658 correpti
1012 1555 1083 1637 ⁴non
1114 1574 1340 1656 intellegebant

142 1699 166 1740 se
185 1683 247 1742 dum
271 1684 413 1743 uendunt
441 1693 474 1745 et
502 1684 624 1744 uenire:
659 1704 717 1764 pro
749 1685 817 1764 ipso
841 1683 968 1764 quidem
994 1683 1115 1746 Catone
1139 1703 1283 1745 securum
1308 1691 1339 1742 te

143 1804 194 1847 esse
220 1790 293 1851 iussi.
342 1789 458 1850 nullam
498 1791 580 1851 enim
612 1790 786 1870 sapientem
826 1811 885 1851 nec
923 1790 1062 1852 iniuriam
1101 1791 1243 1870 accipere
1281 1809 1340 1850 nec

144 1895 339 1957 contumeliam
370 1916 480 1978 posse,
513 1895 669 1958 Catonem
707 1906 814 1959 autem
845 1897 958 1958 certius
998 1897 1162 1979 exemplar
1192 1897 1340 1979 sapientis

145 1998 185 2059 uiri
209 2003 292 2064 nobis
324 2003 402 2064 deos
427 2003 623 2065 'inmortales
654 2003 779 2066 dedisse
817 2025 912 2085 quam
944 2004 1062 2066 Vlixen
1101 2013 1133 2066 et
1169 2003 1339 2066 Herculem
1356 2025 1380 2064 15

145 2105 270 2182 prioribus
293 2109 434 2172 saeculis.
481 2111 540 2171 hos
571 2112 654 2172 enim
679 2110 776 2173 Stoici
807 2113 906 2173 nostri
934 2113 1090 2192 sapientes
1120 2112 1340 2192 pronuntiaue-

146 2222 206 2287 runt,
225 2217 351 2279 inuictos
368 2216 537 2291 laboribus
561 2226 799 2299 contemptores
816 2218 987 2299 uoluptatis
1004 2226 1036 2279 et
1051 2219 1184 2279 uictores
1200 2195 1342 2279 omnium

123 2316 280 2385 lterrorum.
328 2322 412 2385 Cato
444 2344 507 2385 non
538 2344 610 2385 cum
645 2323 716 2385 seris
740 2345 851 2386 manus
882 2324 1030 2400 contulit,
1062 2345 1140 2404 quas
1170 2324 1343 2385 consectari

147 2432 274 2491 uenatoris
305 2431 501 2512 agrestisque
532 2440 594 2505 est,
626 2451 685 2492 nec
715 2440 857 2493 monstra
887 2432 959 2511 igne
987 2452 1024 2493 ac
1055 2431 1137 2493 ferro
1160 2441 1342 2513 persecutus

147 2538 187 2604 est,
206 2556 255 2598 nec
277 2539 307 2599 in
331 2557 370 2598 ea
392 2547 539 2620 tempora
561 2537 678 2612 incidit,
702 2538 815 2618 quibus
839 2538 922 2600 credi
951 2550 1059 2620 posset
1083 2538 1205 2601 caelum
1230 2538 1343 2599 umeris
1358 2557 1384 2597 20

149 2637 216 2701 unius
236 2645 325 2705 inniti.
359 2665 494 2707 excussa
508 2646 570 2706 iam
588 2646 715 2725 antiqua
729 2645 914 2708 credulitate
931 2654 963 2707 et
978 2645 1104 2707 saeculo
1128 2646 1169 2707 ad
1184 2664 1342 2706 summam

148 2747 272 2818 perducto
295 2750 468 2812 sollertiam
493 2772 565 2813 cum
589 2752 710 2813 ambitu
738 2771 942 2831 congressuS,
974 2741 1156 2815 multiformi
1179 2751 1279 2840 malo,
1311 2759 1343 2811 et

149 2865 202 2912 clm
227 2859 383 2937 potentiae
414 2859 556 2920 inmensa
586 2859 773 2939 cupiditate,
810 2880 906 2940 quam
937 2869 1023 2921 totus
1055 2860 1139 2921 orbis
1170 2859 1250 2921 inter
1279 2868 1343 2920 tres

151 2952 239 3023 diuisus
265 2965 378 3027 satiare
409 2985 475 3026 non
502 2974 645 3046 poterat,
677 2966 827 3026 aduersus
858 2967 932 3027 uitia
962 2967 1092 3028 ciuitatis
1109 2966 1343 3046 *degenerantis

152 3066 174 3118 tl
190 3085 302 3144 pessum
327 3091 383 3132 sua
408 3071 493 3133 mole
509 3072 638 3133 sidentis
662 3074 748 3134 stetit
768 3072 854 3134 solus
878 3082 909 3135 et
925 3072 1091 3135 cadentem
1108 3071 1344 3154 rempublicam,
1359 3091 1385 3132 rs

152 3184 273 3276 quantum
297 3179 400 3239 modo
424 3199 485 3239 una
508 3177 623 3240 retrahi
644 3171 739 3240 manu
754 3188 889 3260 poterat,
913 3180 1020 3254 tenuit,
1044 3180 1148 3241 donec
1170 3163 1346 3240 abstractus

155 3315 333 3339 KQ—

153 3408 290 3484 liupatiens
381 3425 398 3499 54
417 3443 431 3474 a
450 3420 532 3474 rostri⁵
553 3425 626 3491 (sm.
646 3428 702 3496 pr.)
795 3429 809 3480 i
830 3430 930 3495 impbas
1022 3428 1055 3481 10
1073 3422 1176 3478 uatinius
1197 3428 1219 3494 (s
1239 3443 1272 3479 m.
1291 3427 1346 3497 pr.)

219 3511 245 3563 11
262 3515 446 3564 uenumdabant
468 3512 562 3567 Gertz:
584 3517 750 3565 uenumdabat
840 3515 881 3570 De
899 3517 1032 3571 orun'nnr‘s
1048 3517 1142 3586 forma
1161 3516 1233 3584 confi
1254 3515 1288 3569 de
1305 3516 1348 3568 ire

155 3587 246 3658 111111
264 3605 400 3653 calentibus
419 3605 522 3668 ingeniis
541 3605 671 3654 subtrahas
690 3606 781 3665 uinum,
801 3608 867 3670 quod
886 3608 966 3671 pueris
989 3608 1129 3671 negandum
1148 3609 1218 3657 Plato
1237 3613 1305 3671 putat
1325 3611 1349 3656 et

155 3674 213 3738 illem
234 3699 294 3741 uetat
318 3695 376 3757 igne
400 3694 496 3741 incitari
595 3703 617 3742 et
636 3710 696 3757 ceca
715 3694 750 3760 (et
769 3714 782 3744 e
802 3694 828 3747 in
848 3711 914 3762 ran,
938 3695 965 3747 e'n
984 3695 1106 3766 marqr'ne
1124 3713 1214 3746 >ceca
1233 3711 1265 3747 m.
1281 3695 1348 3760 rec.)

278 3778 293 3821 1.
366 3779 373 3818 i

222 3831 248 3884 12
265 3842 288 3884 et
300 3779 384 3884 dgdlle
403 3835 553 3903 (suprascr.
574 3850 607 3886 nr.
622 3835 687 3901 ree.)
772 3843 884 3887 catones
977 3838 1008 3891 13
1029 3840 1120 3888 nullam
1141 3836 1236 3892 Gertz:
1258 3839 1347 3887 nullum
1383 3881 1385 3885 Α

223 3974 249 4024 15
267 3935 413 4026 immortalis
511 3977 542 4029 16
567 3978 640 4027 seclis
737 3978 770 4031 ’17
793 3980 925 4044 uoluptatis
951 3988 974 4030 et
998 3983 1103 4031 uictores
1129 3981 1167 4047 (in
1192 3980 1259 4044 ras.)

158 4046 181 4101 18
195 4059 439 4135 terror-irmeneus:
460 4075 577 4116 terrarum
663 4067 695 4119 19
715 4063 839 4118 uenatoria
861 4070 887 4135 (a
905 4085 939 4124 m.
959 4068 1014 4131 alr,
1033 4072 1157 4120 uenatoris
1182 4070 1208 4121 in
1228 4068 1351 4138 marqine

158 4150 243 4215 brec.)
329 4153 364 4207 20
383 4155 440 4207 celu
535 4136 640 4205 humeris
724 4158 753 4210 21
777 4160 847 4208 inniti
861 4175 1003 4212 excussa...
1017 4160 1162 4209 sollertiam.
1177 4175 1232 4207 cum
1252 4154 1351 4226 urelpo;

158 4239 226 4287 ueram
242 4241 479 4312 interpunctionem
498 4260 568 4313 qnae
586 4248 629 4298 est
645 4245 672 4322 in
692 4245 733 4299 ed.
748 4245 833 4317 Nenp.
848 4247 989 4300 reuocauit
1009 4245 1091 4299 Gertz
1180 4247 1262 4295 seculo

159 4365 184 4420 ‘22
198 4379 288 4433 sollertia
371 4385 405 4438 23
425 4387 487 4436 inter
505 4395 552 4436 tres
576 4385 729 4458 Woelfflin:
752 4390 825 4438 intres
909 4389 943 4442 26
962 4334 1035 4438 retrlli
1125 4389 1289 4437 ÷abstractus
1313 4387 1351 4453 (in

161 4471 226 4533 narn.
242 4487 270 4527 rn.
284 4489 336 4530 ree.
356 4475 394 4525 ÷l
413 4475 531 4541 arreptus)

1122 4566 1138 4618 2
