3046 5092
311 340 388 383 Dina
399 338 438 384 XI.
467 341 510 381 AD
525 340 661 380 HELVlAM
677 341 807 381 MATREM
824 341 863 381 DE
878 341 1122 384 CONSOLATIONE.
1153 346 1184 387 tu.
1202 347 1232 410 ll.
1320 348 1383 410 259

158 486 338 548 sestertium
362 486 502 547 centiens
526 488 708 568 conputauit
732 495 763 549 et
787 486 873 549 uelut
895 489 926 549 in
949 487 1059 550 ultima
1081 486 1166 550 fame
1188 488 1337 564 uicturuS,
1361 489 1386 550 si

95 607 144 679 a·
161 593 190 653 in
211 593 359 655 sestertio
384 593 521 655 centiens
545 593 682 668 uixisset,
707 614 831 655 ueneno
854 595 951 656 uitam
975 593 1080 656 finiuit.
1127 605 1245 676 quanta
1264 594 1386 657 luxuria

161 707 234 774 erat,
259 699 307 760 cui
332 700 470 761 centiens
493 700 671 762 sestertium
696 710 822 781 egestas
844 699 922 763 fuit?
954 702 963 762 i
985 721 1067 764 nunc
1091 711 1123 764 et
1143 711 1220 783 puta
1235 702 1386 782 pecuniae

160 806 292 868 modum
324 806 367 867 ad
397 826 465 867 rem
488 807 653 889 pertinere,
677 827 740 868 non
764 809 867 869 animi.
913 809 1091 871 sestertium
1115 811 1254 871 centiens
1277 810 1386 889 aliquis

160 913 304 989 extimuit
320 922 383 998 Uet,
414 914 502 993 quod
534 912 583 974 alii
607 923 684 976 uoto
709 923 835 994 petunt,
868 935 991 976 ueneno
1015 913 1113 994 fugit?
1153 914 1194 977 illi
1218 936 1294 977 uero
1318 925 1412 977 tama

159 1039 275 1099 prauae
307 1020 421 1081 mentis
444 1019 563 1081 homini
587 1019 696 1082 ultima
718 1022 807 1101 potio
831 1020 1036 1083 saluberrima
1058 1021 1133 1083 fuit:
1166 1030 1242 1083 tunc
1264 1042 1386 1084 uenena

160 1124 277 1187 edebat
300 1125 511 1206 bibebatque,
542 1146 613 1187 cum
638 1127 786 1189 inmensis
810 1127 909 1210 epulis
933 1148 995 1189 non
1021 1127 1230 1190 delectaretur
1253 1138 1385 1204 tantum,

158 1235 214 1296 sed
240 1231 434 1313 gloriaretur,
458 1253 529 1294 cum
551 1234 625 1295 uitia
640 1254 697 1294 sua
713 1242 895 1308 ostentaret,
919 1255 991 1295 cum
1009 1235 1167 1297 ciuitatem
1184 1236 1214 1296 in
1230 1235 1385 1298 luxuriam

159 1360 247 1402 suam
271 1348 486 1414 conuerteret,
519 1359 592 1400 cum
615 1341 810 1402 iuuentutem
834 1342 1105 1403 ad‘imitationem
1128 1342 1174 1403 sui
1198 1341 1386 1418 sollicitaret,

97 1453 138 1508 tl
159 1447 254 1507 etiam
278 1446 345 1506 sine
369 1445 457 1507 malis
481 1444 637 1525 exemplis
659 1467 717 1528 per
740 1467 774 1508 se
798 1447 945 1508 docilem.
992 1447 1071 1510 haec
1094 1449 1241 1511 accidunt
1264 1448 1386 1511 diuitias
1404 1466 1426 1504 ¹0

160 1573 223 1615 non
240 1553 281 1614 ad
299 1552 452 1613 rationem
470 1553 699 1628 reuocantibus,
716 1554 801 1614 cuius
818 1555 894 1614 certi
910 1553 988 1615 fines
1004 1563 1084 1629 sunt,
1108 1555 1165 1616 sed
1182 1557 1221 1616 ad
1239 1556 1384 1637 uitiosam

159 1659 436 1747 consuetudinem,
467 1660 552 1720 cuius
582 1660 760 1721 inmensum
792 1670 824 1722 et
854 1661 1115 1741 inconprensibile
1145 1662 1305 1724 arbitrium
1329 1673 1385 1724 est.

159 1765 323 1847 cupiditati
353 1762 428 1826 nihil
459 1775 507 1826 est
536 1766 627 1839 satis,
659 1775 790 1828 naturae
813 1768 887 1828 satis
911 1776 959 1828 est
983 1768 1077 1828 etiam
1101 1789 1220 1849 parum.
1267 1769 1385 1831 nullum

159 1893 237 1953 ergo
262 1879 432 1952 paupertas
456 1870 555 1933 exulis
576 1873 816 1934 incommodum
832 1872 948 1936 habet:
977 1873 1094 1935 nullum
1111 1876 1194 1935 enim
1212 1885 1277 1936 tam
1294 1878 1385 1957 inops

159 1978 290 2041 exilium
313 1987 370 2052 est,
394 1980 481 2058 quod
505 1998 570 2038 non
594 1977 708 2041 alendo
732 1978 851 2041 homini
875 1980 1001 2041 abunde
1025 1979 1125 2041 fertile
1148 1982 1195 2042 sit.
1284 2022 1290 2034 ,
1404 1999 1426 2037 15

129 2098 140 2148 1
248 2085 303 2147 ΧΙ.
336 2083 390 2145 An
423 2093 544 2146 uestem
577 2104 614 2145 ac
637 2085 771 2146 domum
796 2087 1028 2148 desideraturus
1052 2095 1100 2147 est
1122 2087 1218 2148 exul?
1256 2088 1288 2147 si
1309 2088 1387 2150 haec

158 2212 287 2273 quoque
311 2191 352 2251 ad
376 2210 466 2252 usum
490 2199 613 2253 tantum
638 2192 838 2266 desiderabit,
862 2212 964 2272 neque
984 2202 1104 2255 tectum
1124 2194 1152 2254 ei
1169 2194 1269 2254 deerit
1284 2214 1386 2274 neque

159 2298 383 2360 uelamentum.
415 2317 516 2377 aeque
539 2299 621 2359 enim
645 2300 762 2378 exiguo
787 2301 904 2377 tegitur
927 2318 1041 2379 corpus
1064 2320 1160 2380 quam
1183 2299 1280 2362 alitur.
1313 2301 1385 2362 nihil

124 2405 280 2469 2homini
310 2412 437 2478 natura,
476 2405 563 2484 quod
595 2407 805 2466 necessarium
835 2405 985 2479 faciebat,
1025 2405 1097 2467 fecit
1127 2427 1306 2487 operosum.
1359 2409 1385 2470 si

159 2511 320 2573 desiderat
342 2519 481 2572 saturam
506 2511 606 2572 multo
630 2511 798 2590 conchylio
822 2532 992 2593 purpuram
1015 2514 1170 2574 intextam
1187 2533 1264 2575 auro
1280 2515 1385 2576 uariis·
1400 2528 1426 2568 ²0

158 2638 221 2698 que
252 2626 285 2679 et
316 2615 474 2678 coloribus
505 2594 684 2679 distihctam
718 2627 750 2679 et
780 2617 919 2679 artibus:
952 2638 1017 2679 non
1048 2617 1192 2680 fortunae
1220 2620 1278 2680 iste
1302 2621 1386 2695 uitio,

158 2725 217 2786 sed
247 2743 308 2785 suo
331 2744 450 2805 pauper
474 2733 530 2785 est.
577 2724 698 2786 etiamsi
728 2723 769 2785 illi
797 2725 949 2805 quidquid
978 2726 1081 2787 amisit
1112 2727 1290 2800 restitueris
1314 2727 1388 2789 nihil

159 2850 246 2910 ages
293 2829 363 2911 plus
387 2831 470 2891 enim
494 2830 639 2892 restituto
664 2831 763 2893 deerit
787 2850 829 2892 ex
853 2851 908 2905 eo,
940 2832 1027 2920 quod
1052 2833 1151 2913 cupit,
1183 2853 1279 2912 quam
1303 2834 1387 2894 exuli

120 2949 137 3003 3
159 2957 202 2998 ex
219 2956 269 3011 eo,
289 2937 377 3018 quod
393 2935 509 2998 habuit.
541 2937 565 2997 si
583 2938 741 2998 desiderat
756 2938 857 2998 aureis
873 2936 1047 3017 fulgentem
1064 2939 1145 3000 uasis
1160 2938 1386 3019 supellectilem

158 3052 192 3105 et
223 3043 358 3123 antiquis
390 3043 573 3104 nominibus
601 3042 753 3105 artificum
785 3053 951 3123 argentum
978 3043 1104 3119 nobile,
1135 3065 1188 3106 aes
1211 3065 1384 3125 paucorum
1400 3061 1426 3100 2⁵

159 3150 280 3225 insania
310 3133 482 3229 pretidsum
514 3128 548 3210 et
576 3170 741 3211 seruorum
772 3151 915 3225 turbam,
950 3171 1031 3230 quae
1062 3152 1205 3231 quamuis
1237 3172 1386 3232 magnam

160 3256 295 3318 domum
312 3263 468 3335 angustet,
489 3259 701 3318 iumentorum
719 3276 853 3339 corpora
868 3256 992 3318 differta
1008 3267 1040 3320 et
1056 3267 1168 3319 coacta
1183 3261 1387 3338 pinguescere

161 3468 174 3518 l
195 3468 332 3518 sestertium
346 3465 368 3535 (s
381 3465 428 3519 alt.
443 3465 470 3518 in
483 3468 551 3533 ras.)
565 3469 654 3518 centies
668 3467 689 3531 (s
703 3483 774 3520 corr.
789 3468 816 3520 in
829 3471 897 3532 rae.)
970 3468 985 3520 2
1005 3452 1088 3518 sesftio
1109 3467 1157 3536 (ses
1169 3470 1198 3523 in
1210 3469 1278 3538 ras.)
1297 3474 1388 3521 centies

251 3554 267 3607 3
287 3542 378 3604 centies
396 3571 434 3604 ses
453 3557 526 3606 tertil't
617 3558 706 3606 inune
726 3553 890 3622 Pincianus:
912 3558 985 3606 inuno
1076 3558 1093 3610 4
1112 3561 1222 3618 sestertii]
1244 3562 1334 3609 centies
1353 3561 1389 3624 (se

161 3677 330 3733 attullimus
349 3679 464 3745 inrita.)
556 3679 571 3731 5
598 3656 639 3728 ali¹
730 3680 746 3732 6
771 3681 931 3729 saluberrima
951 3680 988 3748 (sa
1006 3681 1033 3734 in
1053 3683 1121 3748 ras.)
1146 3688 1150 3695 “
1222 3682 1238 3734 7
1264 3685 1388 3732 immensis

252 3768 286 3821 13
311 3773 397 3821 mure
414 3771 473 3818 satis
492 3767 516 3837 (e
534 3771 593 3818 satis
612 3769 639 3820 in
658 3770 725 3834 ras.)
818 3769 850 3821 lb
876 3771 972 3819 exilium
993 3770 1091 3840 uulqo:
1113 3773 1189 3822 exitit't
1300 3773 1336 3821 sit.
1357 3789 1387 3820 an

161 3860 188 3922 (t.
209 3856 270 3908 atii
288 3858 356 3922 ras.)
484 3856 516 3909 16
540 3860 559 3907 si
578 3859 640 3908 haec
659 3855 783 3910 Muretus
809 3859 838 3923 (si
856 3859 905 3908 hoc
925 3855 1100 3926 Plancianum:
1126 3862 1173 3924 hec
1193 3861 1259 3926 (ras.
1278 3864 1340 3912 ante
1358 3862 1388 3925 h)

253 3945 286 4000 18
309 3947 387 3996 nichil
405 3947 433 4013 (n
452 3947 479 3999 in
497 3951 565 4008 ras.)
661 3947 690 3999 tt)
715 3949 735 3996 si
754 3943 918 3998 Pincianus:
939 3949 983 3996 sed
1070 3946 1107 4016 20
1131 3955 1238 3998 saturam
1257 3945 1386 4018 Mndm'q:

161 4082 378 4154 saturatYnYin
397 4103 453 4143 rat.
473 4089 553 4141 um'us
568 4087 631 4156 fere
650 4086 767 4154 litterae)
865 4047 979 4153 cobhylio
1078 4090 1110 4142 21
1137 4091 1244 4146 colorib;
1265 4091 1388 4142 distincta.

163 4178 231 4243 (raa.
245 4183 308 4230 ante
321 4178 347 4244 d)
438 4176 471 4230 23
492 4180 599 4228 restituto
620 4176 744 4230 Muretus
763 4176 808 4241 (de
827 4192 880 4246 quo
900 4182 989 4230 tanien
1008 4177 1100 4246 aliqua
1119 4176 1250 4230 deificatio
1269 4176 1386 4240 residem

162 4271 223 4319 erat
248 4281 309 4318 cum
333 4265 420 4335 inopis
442 4265 565 4335 placeret
583 4264 707 4319 Fickerti
729 4267 926 4338 restituendum:
948 4262 1096 4315 restituendo
1115 4265 1175 4318 cod.
1314 4268 1389 4316 exsuli

163 4371 194 4403 ex
213 4372 243 4405 eo
263 4355 338 4421 (arcte
356 4370 386 4404 eo
405 4353 515 4407 uidetur
527 4371 538 4402 s
551 4357 710 4423 cremasse)
802 4353 836 4406 24
859 4355 880 4402 si
898 4352 1001 4424 Neap.:
1022 4356 1065 4404 sed
1155 4356 1218 4404 uasis
1237 4357 1389 4420 supellectile

164 4445 234 4511 (ras.
252 4443 325 4497 inter
343 4445 364 4493 is
382 4449 407 4496 et
425 4444 448 4510 s)
556 4443 591 4497 :27
615 4451 724 4510 angustet
744 4442 844 4512 (altera
863 4450 871 4492 t
890 4442 916 4495 in
936 4445 1003 4511 ras.)

1119 4532 1174 4586 17*
