3046 5092
79 500 89 550 l

472 333 604 377 DlAL.1V.
633 335 674 374 DE
688 335 740 376 IRA
755 335 811 378 LlB.
826 333 855 376 11,
884 334 972 377 ta—tt.
1249 339 1251 342 ¹
1296 343 1336 402 73

201 480 334 544 ΧΧΙΠ.·
360 480 465 542 Notus
508 490 556 542 est
598 480 648 543 ille
690 481 888 560 tyrannicida
929 481 982 563 qui
1024 481 1197 563 inperfecto
1241 502 1338 565 opere

122 587 344 671 conprehensus
376 595 408 648 et
431 587 473 648 ab
497 587 614 669 Hippia
637 595 752 662 tortuS,
783 596 818 650 ut
842 589 984 649 conscios
1008 589 1174 664 indicaret,
1206 591 1337 652 circum·

123 706 230 762 stantes
252 695 373 756 amicos
396 694 521 773 tyranni
536 695 709 755 nominauit
725 693 900 774 quibusque
917 696 1058 756 maxime
1074 715 1179 756 caram
1203 694 1336 758 salutem

130 807 183 867 eius
210 800 336 863 sciebat.
383 809 415 862 et
446 819 518 861 cum
549 798 600 861 ille
637 799 792 890 singulos,
832 809 866 862 ut
903 800 1055 862 nominati
1093 811 1197 877 erant,
1236 804 1349 865 occidi

131 912 256 983 iussisset,
279 908 494 987 interroganti,
519 908 625 988 ecquis
641 916 831 988 superesset,
854 915 897 981 tu,
925 909 1032 987 inquit,
1048 906 1151 969 solus:
1178 910 1363 971 neminems
1407 955 1410 961 ,

135 1017 199 1077 enim
225 1013 319 1076 alium
350 1013 399 1075 cui
429 1034 519 1076 carus
549 1034 634 1075 esses
665 1012 782 1094 reliqui.
828 1013 930 1076 effecit
952 1014 1009 1089 ira,
1041 1023 1074 1075 ut
1104 1022 1256 1094 tyrannus
1285 1025 1336 1095 ty-

136 1121 288 1184 ramicidae
304 1140 417 1182 manus
432 1120 698 1182 adcommodaret
721 1127 754 1180 et
776 1121 931 1200 praesidia
954 1140 1010 1182 sua
1027 1119 1133 1200 gladio
1150 1141 1207 1182 suo
1224 1123 1335 1184 caede-

112 1235 178 1290 tret.
216 1237 332 1308 quanto
363 1227 534 1289 animosius
566 1225 770 1287 Alexander?
809 1227 862 1307 qui
900 1247 971 1288 cum
1005 1224 1133 1307 legisset
1171 1227 1337 1308 epistulam

137 1335 231 1409 matris,
261 1355 324 1415 qua
354 1333 602 1407 admonebatur,
634 1341 667 1393 ut
699 1353 718 1394 a
750 1353 873 1394 ueneno
897 1331 1031 1415 Philippi
1062 1335 1176 1394 medici
1203 1343 1337 1410 caueret,

113 1445 274 1520 tacceptam
304 1442 469 1522 potionem
498 1459 562 1500 non
593 1439 760 1500 deterritus
782 1438 870 1502 bibit.
915 1439 985 1522 plus
1008 1439 1066 1501 sibi
1090 1440 1131 1501 de
1154 1440 1256 1502 amico
1280 1461 1337 1502 suo
1353 1422 1393 1500 10'

138 1547 251 1608 credidit.
297 1546 411 1627 dignus
434 1544 490 1607 luit
512 1545 565 1626 qui
588 1542 788 1633 innocentem
812 1544 959 1621 haberet,
992 1547 1105 1626 dignus
1137 1547 1190 1627 qui
1213 1545 1337 1608 faceret.

138 1650 187 1713 hoc
204 1674 238 1714 eo
259 1653 362 1734 magis
385 1653 416 1713 in
438 1651 629 1714 Alexandro
645 1640 756 1727 lauda,
788 1651 860 1734 quia
882 1673 979 1714 nemo
1002 1662 1070 1714 tarn
1094 1653 1251 1714 obnoxius
1275 1655 1339 1716 irae

138 1755 186 1818 luit.
217 1781 276 1841 quo
300 1760 399 1821 rarior
421 1768 528 1821 autem
552 1760 731 1821 moderatio
753 1760 784 1819 in
807 1759 944 1839 regibus
967 1757 1032 1820 hoc
1056 1758 1214 1821 laudanda
1237 1761 1338 1840 magis

110 1871 181 1924 test.
218 1865 284 1928 iecit
316 1865 379 1927 hoc
410 1874 442 1927 et
466 1862 500 1928 C.
526 1864 641 1927 Caesar
669 1864 720 1926 ille
752 1866 803 1946 qui
836 1867 966 1928 uictoria
993 1865 1072 1927 ciuili
1096 1865 1338 1927 clementissime
1372 1890 1374 1894 ⁸

138 1987 193 2030 usus
212 1981 262 2034 est.
308 1993 381 2033 cum
404 1972 515 2034 scrinia
538 1972 757 2054 deprendisset
780 1970 982 2053 epistularum
1005 1971 1045 2033 ad
1071 1970 1127 2034 Cn.
1150 1972 1337 2053 Pompeium
1354 1990 1377 2030 u

138 2074 275 2140 missarum
306 2077 348 2141 ab
378 2080 414 2140 iis
446 2080 499 2160 qui
529 2077 718 2139 uidebantur
755 2087 808 2139 aut
847 2079 877 2139 in
908 2079 1038 2140 diuersis
1076 2086 1130 2171 aut
1160 2079 1191 2139 in
1221 2079 1338 2140 neutris

138 2176 210 2245 tuisse
229 2184 375 2267 partibus,
400 2185 570 2246 conbussit.
614 2185 757 2265 quamuis
781 2185 947 2246 moderate
969 2184 1086 2247 soleret
1108 2185 1205 2259 irasci,
1230 2183 1338 2245 maluit

138 2291 306 2353 tamennon
328 2311 432 2373 posse.
474 2291 686 2371 gratissimum
709 2291 832 2372 putauit
854 2310 954 2371 genus
978 2292 1088 2353 ueniae
1110 2292 1239 2365 nescire,
1262 2291 1338 2371 quid

139 2394 242 2477 quisque
264 2405 435 2479 peccasset.

113 2504 126 2556 1
189 2503 320 2566 ¹XXIV.
348 2503 519 2565 Plurimum
544 2502 617 2565 mali
641 2501 808 2564 credulitas
835 2503 917 2568 iacit.
963 2523 1059 2585 saepe
1082 2523 1122 2563 ne
1146 2503 1337 2564 audiendum
1352 2518 1377 2560 20

140 2604 240 2682 quidem
263 2617 324 2686 est,
355 2611 505 2692 quoniam
536 2611 567 2670 in
590 2608 779 2691 quibusdam
802 2610 897 2671 rebus
925 2611 1021 2671 satius
1045 2618 1093 2670 est
1117 2609 1218 2689 decipi
1241 2627 1337 2688 quam

140 2708 260 2802 diffidere.
307 2715 449 2778 tollenda
480 2735 522 2776 ex
553 2716 658 2776 animo
689 2716 824 2797 suspicio
856 2724 888 2778 et
919 2716 1109 2789 coniectura,
1141 2713 1338 2775 fallacissima

139 2807 318 2884 inritamenta
355 2817 431 2883 ¹ille
462 2841 514 2882 me
547 2841 659 2903 parum
689 2820 827 2883 humane
857 2819 1011 2884 salutauit.
1057 2821 1106 2882 ille
1130 2819 1239 2881 osculo
1263 2840 1337 2881 meo

140 2940 189 2984 non
213 2928 359 2991 adhaesit.
406 2926 456 2989 ille
493 2928 676 2990 inchoatum
708 2947 889 2989 sermonem
928 2929 991 2990 cito
1029 2927 1161 3008 abrupit.
1207 2925 1257 3001 ille
1295 2926 1338 2986 ad

113 3029 227 3094 iconam
247 3054 311 3097 non
335 3034 469 3096 uocauit.
514 3032 592 3095 illius
623 3033 726 3095 uoltus
757 3034 895 3095 auersior
925 3033 1008 3094 uisus
1039 3041 1095 3095 est.
1141 3053 1205 3093 non
1238 3031 1337 3094 deerit
1350 3057 1377 3096 25

140 3138 277 3216 suspicioni
307 3140 556 3220 argumentatio:
591 3139 789 3220 simplicitate
819 3160 899 3219 opus
930 3148 978 3201 est
1009 3147 1041 3199 et
1068 3138 1206 3218 benigna
1232 3158 1336 3206 rerum

140 3241 338 3308 aestimatione.
388 3244 462 3306 nihil
493 3246 549 3306 nisi
580 3246 667 3326 quod
698 3246 728 3306 in
761 3222 870 3306 oiulos
900 3244 1036 3307 incurret
1074 3244 1337 3324 manifestumque

140 3343 186 3404 erit
214 3344 374 3413 credamus
381 3380 390 3427 ,·
438 3360 470 3414 et
517 3352 662 3432 quotiens
708 3352 842 3432 suspicio
880 3361 990 3413 nostra
1028 3371 1108 3411 uana
1149 3351 1336 3433 apparuerit,

111 3555 115 3562 “
177 3602 181 3610 ,
204 3541 316 3611 2hippia
335 3541 390 3595 tort'
410 3543 463 3612 (pia
481 3540 535 3594 tort'
556 3543 583 3596 ia
602 3543 670 3611 aas.)
755 3543 771 3595 5
791 3545 949 3609 interroganti
968 3540 1098 3612 Madaip:
1120 3541 1255 3608 inirogauit

140 3626 200 3686 811ῡὶ5
215 3630 326 3700 (sanquis
344 3648 484 3702 suprascr.
503 3648 537 3686 m.
557 3631 624 3699 rec.)
716 3638 740 3681 tu
758 3633 835 3696 inquit
855 3632 893 3698 (ia
911 3647 998 3702 marp.
1018 3630 1128 3685 addidit
1145 3647 1179 3684 m.
1198 3646 1252 3684 rec.
1265 3631 1338 3680 ‘solus

139 3714 218 3769 nemini
232 3729 269 3773 eni
287 3724 341 3777 alit't
360 3723 399 3772 cui
418 3717 466 3771 car'
487 3738 551 3772 esses
570 3722 665 3786 reliqui)
769 3719 785 3773 7
805 3723 1011 3771 accommodaret·
1026 3716 1197 3773 memorabili
1211 3717 1337 3788 exaatpia

136 3809 182 3862 iro
196 3813 363 3872 commodaret,
383 3808 458 3880 quad
469 3807 596 3864 Muretus
610 3807 751 3880 praetulit,
771 3807 807 3877 af.
828 3807 863 3863 de
881 3809 923 3861 ira
943 3811 968 3872 3,
989 3812 1030 3873 tt,
1049 3813 1066 3860 4
1085 3811 1126 3874 qui
1145 3809 1234 3858 uellent
1252 3823 1337 3856 manus

140 3885 160 3932 ei
171 3901 323 3958 commodare;
344 3903 370 3983 q,
387 3901 427 3961 12,
442 3902 456 3950 2
472 3915 502 3947 an
515 3916 615 3947 manum
629 3899 699 3948 alteri
718 3899 928 3957 commodauerit;
950 3907 1011 3974 app.
1025 3899 1050 3961 8,
1065 3899 1079 3949 6
1094 3914 1181 3947 uocem
1201 3903 1224 3946 et
1237 3912 1338 3944 manum

142 3986 318 4046 commodarem
339 4003 400 4058 epp.
414 3989 456 4051 70,
470 3988 485 4038 8
498 4003 548 4036 non
561 3988 733 4036 commodabit
745 4003 841 4052 poenae
852 4002 909 4036 suae
927 4003 1043 4044 manum3
1061 3991 1207 4054 praeterea
1219 4000 1280 4054 epp.
1296 3985 1338 4047 24,

141 4060 183 4118 ²¹3
199 4070 232 4135 33,
250 4079 278 4136 93
305 4080 421 4146 quaesti.
441 4079 510 4131 uati.
528 4078 552 4139 2,
573 4077 598 4142 9,
618 4077 649 4129 2:
677 4072 821 4128 dicendum
846 4079 933 4129 tumea
957 4081 997 4127 est
1019 4089 1073 4127 uon
1092 4072 1203 4126 mulium
1223 4070 1338 4140 differre

141 4159 235 4228 appflss,
248 4167 276 4218 18
296 4172 391 4214 ceteros
409 4164 575 4229 uoluptatibus
593 4164 682 4213 nostris
700 4164 799 4228 ingenia
819 4164 1040 4214 adcommodantes
1059 4178 1102 4211 sua
1121 4167 1147 4215 ei
1165 4176 1226 4231 app.
1244 4163 1300 4226 113,
1321 4162 1346 4211 3.

140 4235 221 4296 siun
236 4253 462 4304 adcommodaueris
481 4252 640 4305 subtilitatem
659 4258 683 4301 et
698 4253 858 4302 intentionem
877 4258 943 4301 tuam
1020 4250 1037 4303 8
1055 4251 1186 4314 epistolam
1205 4249 1232 4315 (o
1252 4248 1353 4322 cartul

205 4333 230 4389 13
246 4344 321 4393 rarior
338 4337 504 4394 Pincianus:
525 4341 606 4390 maior
683 4339 718 4392 14
737 4339 769 4394 G.
789 4341 866 4389 Cesar
939 4338 972 4391 17
989 4339 1085 4404 partib3
1107 4338 1158 4405 (ib;
1180 4338 1264 4403 carr.)

142 4417 252 4506 0⁰¹tlbussit
318 4429 352 4482 25
371 4437 407 4482 nd
427 4428 455 4495 (ὁ
474 4428 501 4480 ia
520 4427 588 4494 aas.)
662 4429 740 4478 uultus
814 4501 816 4505 .
