3046 5092
239 330 301 390 234
461 326 540 369 DIAL.
551 326 579 369 X.
608 328 650 367 AD
665 328 819 368 PAVLINVM
837 329 875 368 DE
890 329 1060 368 BREVITATE
1075 329 1172 371 VITAE.
1204 330 1241 396 tt..

238 474 418 546 mittuntur,
443 473 519 533 dum
544 473 737 554 decerpitur,
761 474 786 536 si
809 473 882 554 quid
906 477 1054 554 proxima
1078 485 1172 538 nocte
1195 475 1362 548 succreuit,
1387 476 1462 536 dum

237 577 277 639 de
300 578 427 659 singulis
451 577 567 658 capillis
590 580 621 640 in
644 578 806 642 consilium
830 581 903 654 itur,
927 581 1003 642 dum
1027 589 1081 642 aut
1104 583 1234 644 disiecta
1258 602 1352 642 coma
1376 582 1460 643 resti·

236 686 332 747 tuitur
355 694 409 747 aut
433 685 580 747 deficiens
603 686 675 748 hinc
698 695 792 768 atque
816 686 897 748 illinc
920 688 951 748 in
974 687 1110 750 frontem
1135 687 1344 770 conpellitur?
1384 708 1461 768 quo·

238 793 337 853 modo
360 794 543 866 irascuntur,
566 793 591 852 si
614 801 724 854 tonsor
747 793 842 874 paulo
859 792 1077 874 neglegentior
1094 794 1157 869 fuit,
1181 804 1346 876 tamquam
1362 795 1462 856 uirum

197 914 209 951 ⁵
237 899 405 961 tonderet?
444 900 610 978 quomodo
642 901 895 974 excandescunt,
926 904 951 962 si
981 902 1056 982 quid
1080 921 1122 963 ex
1145 902 1218 962 iuba
1240 923 1298 990 sua
1321 902 1463 963 decisum

237 1013 293 1079 est,
317 1006 342 1066 si
365 1007 441 1086 quid
465 1015 557 1068 extra
580 1007 723 1068 ordinem
748 1007 849 1079 iacuit,
875 1008 930 1068 nisi
951 1009 1058 1070 omnia
1079 1009 1109 1068 in
1125 1007 1235 1070 anulos
1252 1028 1327 1070 suos
1344 1009 1461 1070 recide-

238 1116 328 1174 runt?
367 1113 435 1193 quis
466 1123 514 1175 est
544 1115 675 1175 istorum
698 1115 750 1195 qui
774 1135 838 1176 non
862 1114 949 1176 malit
973 1113 1199 1197 rempublicam
1224 1114 1343 1177 turbari
1367 1136 1463 1197 quam

191 1279 193 1284 .
237 1238 364 1280 comam
396 1224 505 1281 suam?
544 1221 596 1302 qui
628 1241 692 1283 non
715 1220 874 1282 sollicitior
897 1223 936 1282 sit
960 1222 1001 1283 de
1025 1211 1134 1303 capitis
1157 1222 1203 1284 sui
1226 1223 1342 1284 decore
1367 1243 1463 1303 quam

237 1324 277 1386 de
300 1325 421 1388 salute?
461 1328 600 1409 quinon
624 1328 782 1417 comptior
805 1348 874 1389 esse
898 1327 986 1390 malit
1008 1349 1103 1408 quam
1128 1327 1309 1390 honestior?
1346 1329 1407 1390 hos
1431 1337 1464 1389 tu

199 1432 359 1493 u‘otiosos
388 1454 483 1494 uocas
514 1435 594 1495 inter
625 1435 782 1514 pectinem
814 1434 1038 1517 speculumque
1069 1439 1261 1517 occupatos?
1301 1436 1378 1517 quid
1401 1434 1463 1496 illi?
1503 1487 1513 1495 .

237 1539 344 1617 quiin
369 1542 594 1621 conponendis,
618 1541 789 1615 audiendis
813 1541 969 1604 discendis
992 1543 1119 1604 canticis
1142 1542 1264 1622 operati
1280 1551 1362 1615 sunt,
1386 1523 1461 1603 dum

237 1666 359 1720 uocem,
384 1648 467 1708 cuius
490 1656 610 1709 rectum
635 1668 759 1709 cursum
784 1658 895 1709 natura
918 1657 950 1710 et
972 1651 1129 1728 optimum
1152 1657 1183 1710 et
1198 1647 1462 1729 simplicissimum

237 1751 324 1825 lecit,
361 1753 479 1816 inflexu
516 1754 738 1817 modulationis
769 1756 974 1816 inertissimae
1006 1763 1170 1836 torquent,
1207 1775 1343 1836 quorum
1375 1755 1462 1835 digiti

238 1859 364 1941 aliquod
393 1862 473 1922 intra
497 1882 531 1922 se
555 1882 682 1922 carmen
707 1861 872 1923 metientes
895 1882 1023 1941 semper
1045 1871 1175 1935 sonant,
1207 1881 1361 1942 quorum,
1391 1882 1461 1923 cum

200 1978 222 2017 ¹5
237 1968 279 2027 ad
310 1988 359 2027 res
390 1968 501 2043 serias,
533 1969 626 2029 etiam
657 1988 751 2050 saepe
775 1968 878 2029 tristes
902 1967 1034 2030 adhibiti
1058 1977 1146 2041 sunt,
1177 1967 1345 2030 exauditur
1368 1968 1463 2030 tacita

104 2056 106 2060 ‚
238 2073 432 2137 modulatio:
466 2094 530 2135 non
553 2073 672 2136 habent
695 2075 744 2135 isti
768 2075 884 2149 otium,
915 2076 972 2136 sed
995 2076 1076 2136 iners
1101 2075 1273 2155 negotium.
1320 2075 1509 2142 conuiuia5

238 2200 290 2241 me
321 2179 462 2242 hercules
494 2179 607 2242 horum
639 2201 702 2242 non
734 2180 892 2262 posuerim
925 2182 1005 2242 inter
1027 2181 1171 2242 uacantia
1194 2190 1359 2261 tempora,
1391 2201 1460 2242 cum

238 2286 379 2361 uideam,
403 2307 499 2367 quam
523 2286 644 2349 solliciti
668 2298 836 2368 argentum
860 2288 1021 2361 ordinent,
1044 2308 1140 2367 quam
1164 2287 1330 2367 diligenter
1354 2286 1460 2349 exole-

149 2455 157 2473 ,
237 2401 343 2454 torum
375 2414 502 2455 suorum
531 2394 651 2456 tunicas
674 2395 872 2475 succingant,
904 2415 1000 2476 quam
1024 2394 1164 2475 suspensi
1188 2395 1264 2468 sint,
1296 2395 1461 2476 quomodo

198 2510 223 2549 ²0
238 2521 314 2581 aper
337 2522 356 2561 a
379 2521 458 2563 coco
482 2509 590 2575 exeat,
618 2522 682 2581 qua
705 2501 863 2563 celeritate
886 2501 977 2581 signo
1002 2501 1079 2563 dato
1103 2500 1201 2581 glabri
1226 2502 1267 2561 ad
1291 2501 1460 2563 ministeria

238 2598 427 2682 discurrant,
464 2615 582 2688 quanta
613 2615 681 2668 arte
711 2608 892 2668 scindantur
923 2627 997 2668 aues
1028 2609 1059 2669 in
1089 2605 1187 2668 frusta
1216 2626 1282 2668 non
1313 2608 1460 2682 enormia,

237 2707 332 2794 quam
364 2715 486 2776 curiose
509 2713 645 2776 infelices
669 2714 787 2796 pueruli
812 2715 970 2775 ebriorum
994 2723 1087 2795 sputa
1111 2715 1316 2794 detergeant:
1352 2736 1394 2776 ex
1417 2714 1460 2776 his

238 2820 412 2901 elegantiae
443 2820 644 2901 lautitiaeque
673 2820 757 2882 lama
780 2829 925 2902 captatur
948 2829 981 2882 et
1003 2841 1102 2902 usque
1126 2842 1166 2882 eo
1189 2822 1220 2882 in
1244 2840 1358 2882 omnes
1382 2808 1465 2883 uitae

238 2948 379 2988 secessus
403 2927 486 2989 mala
510 2949 566 2990 sua
588 2927 657 2989 illos
681 2937 833 3006 secuntur,
858 2937 891 2989 ut
916 2948 973 2989 nec
996 2927 1107 2989 bibant
1128 2928 1194 2988 sine
1215 2926 1391 2989 ambitione
1407 2947 1460 2989 nec

198 3046 223 3085 ²⁵
240 3035 344 3095 edant.
391 3055 431 3095 ne
454 3034 522 3096 illos
546 3035 674 3116 quidem
698 3035 777 3096 inter
800 3035 922 3096 otiosos
946 3034 1184 3127 numerauerim,
1207 3034 1260 3114 qui
1283 3034 1361 3096 sella
1383 3055 1417 3097 se
1432 3042 1485 3096 etr

238 3140 348 3202 lectica
370 3140 430 3202 huc
454 3151 486 3204 et
510 3141 580 3203 illuc
601 3140 703 3203 serunt
719 3151 751 3203 et
767 3123 812 3203 ad¹
824 3143 1038 3222 gestationum
1055 3160 1190 3216 suarum,
1214 3140 1302 3222 quasi
1319 3141 1460 3203 deserere

239 3319 450 3326 ἡὴ.-

242 3478 253 3528 l
281 3478 400 3526 succreuit
417 3475 516 3546 uulgo:
537 3479 581 3526 sub
601 3478 687 3526 crescit
776 3477 792 3529 2
818 3453 929 3560 disgecta
1019 3478 1148 3527 restituitur
1173 3475 1211 3542 (in
1230 3492 1315 3547 marg.
1336 3492 1371 3530 m.
1392 3479 1407 3529 2
1426 3482 1461 3526 aut

239 3584 354 3632 deficiens
378 3585 436 3633 hinc
460 3595 509 3648 atq.
529 3585 596 3635 illinc
615 3591 626 3635 i
645 3585 727 3635 fronte
753 3583 895 3650 copellitur)
1023 3583 1038 3634 7
1061 3599 1111 3648 rem
1135 3584 1261 3647 publicam
1281 3584 1374 3634 turbari
1393 3600 1462 3663 quam

239 3689 339 3722 comam
357 3690 425 3722 suam
445 3670 585 3725 Muretus:
612 3674 643 3724 R.
663 3676 693 3724 P.
711 3690 780 3722 suam
800 3674 893 3723 turbari
912 3690 985 3738 quam
1005 3689 1104 3722 comam
1213 3671 1229 3724 9
1255 3674 1362 3722 comtior
1456 3661 1462 3682 ’

245 3760 273 3812 lO
287 3762 322 3809 illi
336 3763 376 3826 qui
391 3760 492 3831 Neap:
514 3762 572 3810 illi*
646 3762 678 3813 11
694 3764 871 3826 componendis
953 3762 1076 3811 discendis
1090 3758 1148 3813 cod.
1163 3765 1188 3813 et
1200 3766 1306 3814 ueteres
1318 3759 1461 3816 editionem

186 3834 350 3899 'dicendis
364 3848 446 3919 Ripa
466 3848 587 3911 Fickert,
602 3848 696 3903 Haase
788 3849 819 3902 ’13
845 3852 869 3899 in
888 3852 974 3900 flexu*
1066 3848 1097 3900 14
1122 3851 1233 3899 intrase*
1324 3851 1463 3900 metientes

240 3992 266 4058 (n
285 3992 312 4043 in
332 3993 399 4058 raa)
492 3991 524 4044 116
553 3951 658 4042 conuiria
748 3991 782 4045 20
801 4010 849 4057 qua
863 3994 985 4043 celeritate
997 4007 1068 4044 unus
1081 3989 1260 4046 deteriorum:
1282 3995 1332 4057 qui
1345 3993 1463 4042 celeritate

239 4079 299 4137 cod.
318 4088 409 4146 quanta
427 4083 472 4131 cel.
492 4079 574 4149 sculpo
665 4081 694 4133 2]
718 4082 742 4130 in
761 4082 835 4130 frusta
854 4081 934 4135 dein:
956 4082 1069 4130 infrustra
1160 4079 1194 4132 22
1213 4082 1366 4144 detergeant.
1386 4097 1414 4130 ex
1430 4080 1463 4129 his

240 4171 288 4234 (his
308 4169 334 4221 in
353 4170 420 4235 rae.)
512 4169 545 4222 23
572 4170 693 4234 elegantie
789 4169 822 4221 24
848 4187 893 4219 nec
913 4171 986 4219 edant
1006 4168 1086 4223 den:
1107 4186 1137 4219 ne
1157 4170 1238 4220 edant.
1272 4196 1274 4201 ⁴
1331 4169 1365 4222 25
1390 4171 1413 4218 ἰη
1432 4176 1463 4217 ter

239 4262 255 4308 a
274 4260 300 4306 bi
319 4260 395 4308 tiosos
415 4260 468 4324 (abi
488 4260 514 4310 iu
531 4259 586 4326 filie
606 4273 711 4322 uersus,
731 4258 806 4311 initio
825 4256 938 4312 alterius
951 4277 966 4307 o
979 4257 1092 4322 addita,
1104 4255 1155 4311 sed
1166 4256 1266 4324 deletu)
1358 4274 1464 4322 numera·

239 4349 315 4396 uerlm
335 4345 412 4401 Koch
432 4350 470 4413 (ul
489 4353 614 4401 articuli
636 4350 767 4412 posuerim,
782 4353 847 4417 post
861 4350 950 4410 235,8
971 4345 1073 4396 ‹linerim
1092 4345 1202 4412 hubeslr
1223 4349 1391 4397 numeraberis
1409 4343 1462 4399 cod.

239 4440 404 4487 numeraueris
422 4435 505 4506 uulqo
597 4438 656 4486 sella
675 4454 708 4488 se.
728 4447 751 4487 et
769 4439 869 4487 lecticas
888 4438 931 4502 (se.
952 4444 974 4486 et
994 4442 1019 4490 et
1038 4442 1131 4505 spost
1149 4452 1164 4484 a
1182 4435 1210 4488 ἐπ
1229 4436 1299 4501 ras.)
