3046 5092
74 506 78 515 ,
120 541 151 581 rs

1097 121 1113 153 0

247 345 308 406 180
467 340 546 380 DIAL.
556 339 606 384 Vll.
635 340 677 380 AD
693 338 871 380 GALLIONEM
886 339 926 380 DE
940 339 1013 380 VITA
1027 339 1133 382 ΒΕΑΤΑ.
1161 339 1196 381 lb.
1210 340 1245 382 26.

244 495 446 565 tractantem.
491 507 555 548 non
579 495 627 548 est
650 487 742 561 enim,
766 487 854 566 quod
877 486 1039 548 existimes
1063 484 1157 548 ullam
1182 505 1252 548 esse
1273 489 1341 548 sine
1363 483 1476 549 labore

243 596 407 669 uirtutem,
438 596 496 656 sed
528 594 686 673 quaedam
718 593 848 654 uirtutes
878 592 1026 668 stimuliS,
1057 595 1215 675 quaedam
1245 571 1339 655 frenis
1369 601 1475 674 egent.

243 701 516 782 quemadmodum
530 691 661 780 'corpus
689 700 719 760 in
750 698 879 779 procliui
910 701 1033 762 retineri
1057 700 1170 774 debet,
1201 699 1351 762 aduersus
1375 700 1515 763 arduafi

244 807 364 891 inpelli,
396 808 439 871 ita
470 805 626 887 quaedam
660 806 789 867 uirtutes
819 807 850 868 in
880 805 1009 886 procliui
1040 816 1127 882 sunt,
1168 808 1326 887 quaedam
1358 804 1474 868 cliuum

216 915 387 978 tsubeunt.
418 935 457 977 an
479 914 609 976 dubium
626 916 673 989 sit,
698 917 772 994 quin
789 915 947 988 escendat,
971 913 1095 988 nitatur,
1119 912 1298 976 obluctetur
1313 914 1476 994 patientia,

162 1034 166 1039 '
243 1021 410 1096 fortitud0,
441 1022 673 1102 perseuerantia
704 1031 736 1084 et
759 1041 977 1102 quaecumque
1007 1019 1066 1083 alia
1096 1019 1180 1082 duris
1204 1021 1353 1101 opposita
1377 1022 1476 1081 uirtus

242 1137 291 1191 est
324 1137 356 1190 et
386 1127 545 1190 fortunam
576 1127 711 1208 subigit?
752 1129 827 1207 quid
858 1131 956 1208 ergo?
988 1146 1175 1207 nonaeque
1199 1124 1401 1188 manifestum
1426 1136 1515 1190 est‘.

243 1256 300 1316 per
323 1236 483 1296 deuexum
507 1236 552 1296 ire
574 1232 802 1308 liberalitatem,
826 1220 1085 1315 temperantiam,
1108 1233 1404 1295 mansuetudinem?
1445 1234 1476 1294 in

230 1328 290 1404 ¹his
314 1343 511 1403 continemus
534 1342 680 1416 animum,
705 1363 745 1403 ne
768 1339 967 1421 prolabatur,
1000 1341 1031 1401 in
1053 1339 1109 1402 illis
1133 1339 1341 1402 exhortamur
1364 1340 1474 1402 incita-

203 1463 228 1504 10
243 1469 394 1529 musque:
421 1449 577 1510 acerrime.
610 1468 688 1528 ergo
712 1448 888 1528 paupertati
909 1445 1129 1509 adhibebimus
1150 1444 1216 1513 illas
1231 1466 1312 1526 quae
1328 1466 1476 1527 pugnare

242 1555 351 1629 sciunt,
374 1552 527 1630 fortiores,
551 1555 664 1616 diuitiis
686 1554 753 1617 illas
777 1553 998 1635 diligentiores,
1022 1574 1102 1633 quae
1125 1568 1311 1633 suspensum
1336 1555 1475 1634 gradum

241 1669 364 1743 ponunt
387 1669 419 1722 et
442 1663 567 1741 pondus
590 1681 682 1722 suum
705 1661 866 1728 sustinent.
909 1680 980 1722 cum
1004 1659 1067 1722 hoc
1089 1660 1132 1721 ita
1155 1660 1289 1722 diuisum
1312 1660 1361 1735 sit,
1386 1659 1474 1722 malo
1499 1678 1515 1719 a

241 1767 298 1829 has
322 1769 353 1829 in
376 1789 432 1829 usu
456 1767 531 1829 mihi
554 1788 632 1842 esse,
655 1788 737 1849 quae
761 1769 959 1829 exercendae
980 1765 1170 1846 tranquillius
1190 1775 1271 1842 sunt,
1295 1747 1394 1848 quam
1411 1787 1475 1842 eas,

242 1894 374 1954 quarum
398 1876 653 1955 experimentum
676 1877 803 1955 sanguis
827 1883 859 1936 et
882 1875 980 1935 sudor
1003 1881 1060 1936 est.
1099 1893 1176 1954 ergo
1199 1893 1264 1935 non
1287 1875 1350 1955 ego
1376 1873 1475 1949 aliter,

205 2000 227 2040 rs
242 1981 340 2061 inquit
370 1983 510 2063 sapiens,
541 1981 614 2041 uiuo
645 2001 741 2061 quam
772 1980 900 2060 loquor,
933 1981 991 2042 sed
1015 2000 1073 2070 uos
1096 1979 1185 2041 aliter
1208 1980 1329 2045 auditis.
1377 2001 1475 2043 sonus

241 2088 467 2149 tantummodo
492 2087 661 2149 uerborum
686 2088 727 2149 ad
751 2108 841 2149 aures
865 2096 987 2149 uestras
1009 2087 1170 2169 peruenit:
1197 2086 1272 2167 quid
1295 2087 1473 2168 significent

241 2215 305 2255 non
329 2194 483 2275 quaeritis,

115 2324 118 2329 ·
214 2297 234 2341 s
330 2301 450 2363 XXVI.
482 2299 569 2381 Quid
592 2320 669 2380 ergo
692 2301 772 2362 inter
796 2321 848 2362 me
872 2300 1003 2363 stultum
1026 2309 1059 2363 et
1081 2311 1114 2362 te
1135 2300 1309 2391 sapientem
1330 2300 1498 2376 interest,·l

241 2413 267 2472 si
297 2417 429 2488 uterque
460 2407 578 2468 habere
613 2407 778 2469 uolumus?
824 2407 1001 2488 plurimum.
1048 2407 1173 2469 diuitiae
1204 2408 1287 2469 enim
1312 2410 1400 2489 apud
1423 2428 1467 2470 sa-

202 2531 228 2571 20
241 2517 380 2596 pientem
405 2515 504 2577 uirum
528 2515 558 2575 in
583 2517 733 2576 seruitute
756 2524 837 2589 sunt,
861 2515 946 2595 apud
969 2514 1100 2577 stultum
1124 2515 1154 2575 in
1174 2515 1314 2599 imperio.
1346 2515 1470 2596 sapiens

241 2623 353 2684 diuitiis
377 2621 451 2683 nihil
473 2622 635 2702 permittit,
659 2621 750 2682 uobis
774 2621 900 2683 diuitiae
922 2621 1037 2682 omnia.
1083 2641 1150 2696 uos
1173 2630 1337 2701 tamquam
1362 2609 1469 2700 aliquis

242 2730 332 2791 uobis
356 2739 517 2792 aeternam
541 2731 775 2809 possessionem
800 2748 908 2790 earum
931 2731 1125 2808 promiserit,
1149 2727 1334 2790 adsuescitis
1358 2725 1416 2788 illis
1439 2734 1470 2788 et

64 2902 69 2921 1
149 2888 152 2892 .
241 2836 433 2911 cohaeretiS,
464 2835 589 2917 sapiens
619 2845 694 2896 tunc
717 2836 858 2896 maxime
881 2844 1101 2916 paupertatem
1126 2835 1312 2909 meditatur,
1338 2835 1470 2895 cumin

241 2945 353 3005 mediis
385 2943 497 3004 diuitiis
529 2943 676 3004 constitit.
722 2930 895 3022 numquam
925 2943 1096 3023 imperator
1123 2943 1167 3002 ita
1196 2941 1267 3022 paci
1289 2939 1406 3013 credit,
1437 2945 1500 3000 ut2

201 3064 226 3106 aa
241 3070 305 3111 non
337 3070 371 3110 sc
394 3045 561 3131 praeparet
585 3047 686 3122 bello,
717 3048 803 3128 quod
827 3049 1035 3109 etiamsinon
1059 3049 1193 3129 geritur,
1223 3047 1377 3109 indictum
1391 3055 1467 3125 pest:

242 3179 299 3218 uos
322 3157 436 3217 domus
460 3155 617 3231 formosa,
641 3164 805 3235 tamquam
829 3176 887 3216 nec
911 3142 1022 3217 ardere
1045 3175 1104 3216 nec
1126 3174 1216 3216 ruere
1239 3153 1355 3236 possit,
1387 3153 1468 3214 in'so-

241 3263 350 3337 lentes
374 3283 432 3323 uos
455 3283 543 3342 opeS,
567 3272 730 3342 tamquam
754 3260 928 3344 periculum
944 3282 1040 3324 omne
1055 3262 1304 3322 transcenderint
1319 3260 1469 3321 maiores-

241 3390 302 3449 que
337 3371 398 3430 sint
430 3369 541 3449 [uobis]
574 3389 669 3450 quam
705 3368 818 3449 quibus
854 3369 1084 3455 consumendis·
1105 3368 1180 3430 satis
1211 3368 1322 3428 uirium
1352 3366 1471 3429 habeat

242 3477 374 3550 fortuna,
398 3476 534 3556 obstupe
557 3475 681 3538 faciunt.
713 3476 806 3537 otiosi
831 3477 942 3537 diuitiis
965 3475 1070 3536 luditis
1086 3496 1144 3536 nec
1160 3473 1331 3557 prouidetis
1347 3471 1469 3543 illarum
1489 3477 1505 3530 3

201 3598 228 3640 ³0
241 3581 430 3663 periculum,
454 3583 532 3645 sicut
555 3581 681 3644 barbari
704 3582 889 3662 plerumque
912 3581 1034 3656 inclusi,
1066 3591 1100 3644 ut
1123 3581 1221 3662 ignari
1244 3578 1471 3654 machinarum,

240 3707 354 3767 segnes
378 3687 522 3751 laborem
546 3688 760 3750 obsidentium
784 3698 930 3771 spectant
952 3709 1011 3751 nec
1034 3708 1099 3769 quo
1114 3687 1164 3750 illa
1178 3687 1366 3769 pertineant,
1389 3706 1472 3768 quae

241 3919 371 3984 limpelli
474 3919 594 3982 itaqueda
613 3916 642 3982 (it
661 3917 688 3970 in
705 3918 774 3988 ras.)
867 3918 882 3970 5
920 3919 978 3983 quin
997 3919 1114 3968 escendat
1132 3914 1272 3970 Muretus:
1293 3916 1335 3980 qui
1354 3916 1472 3971 ascendat
1505 3936 1509 3944 ·

240 4010 266 4074 (a
285 4006 368 4076 corr.)
460 4006 493 4058 10
518 4009 637 4056 acerrime
657 4004 765 4060 Haase:
787 4009 913 4056 acerrimis
933 4006 964 4072 (is
983 4007 1010 4058 in
1029 4021 1095 4068 ran,
1118 3992 1192 4073 sort..
1205 4006 1242 4072 us)
1353 4002 1385 4056 13
1409 4011 1471 4054 esset

241 4098 259 4163 (t
279 4095 379 4160 deleta)
399 4099 416 4162 q
436 4097 479 4161 (m.
500 4095 565 4161 rec.)
658 4097 808 4145 exercendae
828 4093 991 4148 deteriores:
1013 4096 1141 4145 exercendi
1205 4092 1267 4147 -16
1291 4093 1350 4159 quid
1370 4089 1467 4162 uulgo:

242 4187 309 4250 quod
416 4185 556 4249 significent
578 4181 675 4237 Gertz:
697 4185 820 4249 significet
931 4183 963 4237 17
982 4185 1081 4248 queritis
1173 4181 1205 4235 19
1225 4185 1251 4235 el
1269 4180 1304 4235 20
1323 4187 1382 4246 aput

241 4274 274 4326 22
295 4276 430 4324 assuescitis
450 4273 553 4343 (privita
571 4290 583 4322 s
602 4289 674 4326 corr.
694 4288 732 4325 ex
751 4271 778 4335 d)
868 4272 901 4326 26
928 4275 1039 4322 formosa
1059 4273 1099 4336 (sa
1117 4272 1201 4337 corr.)
1298 4269 1332 4323 27
1358 4271 1416 4320 οῖηε
1434 4269 1469 4336 (m

167 4360 172 4367 “
241 4361 338 4429 deletu)
438 4361 472 4415 28
496 4364 573 4412 uobis.
587 4376 638 4415 om.
657 4358 686 4413 E
692 4364 700 4396 ¹
791 4361 825 4414 29
844 4363 948 4427 obstupe
967 4363 1059 4411 faciunt
1078 4357 1172 4429 Haupt
1192 4375 1252 4412 cum
1270 4355 1364 4413 codice

241 4450 276 4502 30
295 4458 319 4500 ut
340 4448 436 4528 Gertzr
457 4457 481 4500 et
571 4450 601 4501 31
624 4450 666 4498 illa
685 4450 820 4514 pertineant
835 4447 997 4504 Pincianus:
1019 4451 1062 4499 illa
1081 4450 1203 4514 ptinendi}
1216 4445 1342 4514 (lineolae
1354 4445 1468 4513 deletae)
