3046 5092
353 346 431 391 DIAL.
442 347 493 388 XII.
521 347 564 387 Ab
580 345 730 390 POLYBIVM
747 351 786 390 DE
802 350 1046 395 CONSOLATIONE.
1077 355 1107 395 14.
1121 358 1150 396 15.
1300 360 1362 421 287

139 494 185 555 uir
207 494 239 554 in
262 493 325 555 hoc
345 504 445 569 natus,
469 515 510 556 ne
530 493 600 556 urbi
616 495 781 575 Romanae
797 504 851 559 aut
867 488 973 581 Scipio
990 500 1115 561 deesset
1131 508 1185 562 aut
1202 499 1364 583 Carthago

138 609 325 682 superesset.
1240 605 1242 609 ’

107 724 115 774 1
227 708 300 770 XV.
332 708 403 787 [34]
430 706 516 788 Quid
532 707 664 771 referam
682 710 817 772 duorum
834 710 1036 773 Lucullorum
1053 691 1243 795 diremptam
1260 723 1364 776 morte

139 815 362 876 concordiam?
410 815 486 895 quid
516 815 706 896 Pompeius?
754 818 866 898 quibus
897 838 937 879 ne
967 818 1030 879 hoc
1059 820 1188 899 quidem
1220 823 1362 883 saeuiens

139 920 261 1000 reliquit
292 920 434 995 fortuna,
465 930 499 983 ut
529 943 591 983 una
615 924 750 1003 denique
773 925 980 985 conciderent·
999 926 1104 990 mina:
1140 927 1219 987 uixit
1242 925 1388 990 Sextuss

138 1028 308 1108 Pompeius
331 1029 467 1108 primum
491 1029 591 1091 sorori
614 1038 782 1111 superstes
807 1033 893 1106 cuius
909 1042 1013 1094 morte
1029 1033 1151 1112 optime
1167 1032 1364 1095 cohaerentis

139 1135 305 1197 Romanae
327 1138 413 1216 pacis
437 1135 559 1197 uincula
581 1134 719 1198 resoluta
742 1147 822 1200 sunt.
868 1140 1017 1219 idemque
1040 1138 1090 1200 hic
1111 1140 1189 1201 uixit
1205 1150 1364 1222 superstes

139 1242 261 1322 optimo
286 1241 386 1316 fratri,
418 1262 513 1322 quem
538 1241 664 1304 fortuna
687 1244 717 1304 in
740 1242 802 1305 hoc
825 1255 992 1320 euexerat,
1016 1266 1056 1307 ne
1080 1249 1180 1308 minus
1204 1247 1267 1309 alte
1291 1268 1364 1308 eum

140 1349 293 1422 deiceret,
332 1368 427 1429 quam
459 1359 583 1429 patrem
614 1349 778 1412 deiecerat.
833 1359 865 1411 et
895 1359 969 1433 post
1000 1350 1082 1413 hunc
1116 1361 1224 1414 tamen
1256 1374 1363 1414 casum

139 1453 257 1516 Sextus
289 1456 458 1535 Pompeius
490 1476 555 1517 non
585 1465 709 1519 tantum
741 1457 859 1532 dolori,
898 1460 956 1521 sed
988 1462 1083 1521 etiam
1114 1457 1199 1520 bello
1231 1460 1360 1523 suffecit.
1378 1476 1402 1516 m

109 1562 375 1624 tinnumerabilia
406 1564 544 1644 undique
577 1564 726 1644 exempla
756 1574 974 1647 separatorum
1007 1576 1110 1628 morte
1139 1564 1271 1628 fratrum
1295 1588 1362 1628 suc-

140 1679 281 1731 currunt:
318 1670 415 1732 immo
448 1680 558 1732 contra
589 1671 642 1731 uix
675 1670 737 1732 ulla
769 1692 916 1752 umquam
948 1671 1060 1734 horum
1084 1674 1171 1753 paria
1195 1683 1365 1754 conspecta

139 1786 210 1837 sunt
233 1797 295 1838 una
318 1777 519 1839 senescentia.
566 1777 622 1839 sed
646 1787 812 1839 contentus
834 1788 962 1841 nostrae
986 1781 1100 1841 domus
1124 1780 1279 1861 exemplis
1301 1800 1365 1842 ero,

139 1904 233 1944 nemo
267 1884 349 1944 enim
382 1892 449 1944 tam
473 1904 589 1964 expers
612 1884 670 1945 erit
693 1905 802 1946 sensus
826 1905 864 1946 ac
887 1886 1043 1960 sanitatis,
1074 1895 1109 1946 ut
1132 1885 1289 1948 fortunam
1313 1885 1365 1947 ulli

139 1999 285 2070 queratur
316 1989 435 2071 luctum
466 1990 619 2064 intulisse,
659 2011 754 2071 quam
785 1991 862 2053 sciet
893 1992 987 2053 etiam
1020 1989 1191 2054 Caesarum
1222 1992 1365 2055 lacrimas
1382 2010 1406 2048 ¹⁵

104 2104 120 2157 3
140 2098 330 2179 concupisse.
378 2098 467 2159 diuus
490 2095 656 2177 Augustus
686 2098 789 2159 amisit
814 2097 980 2160 Octauiam
1004 2120 1147 2160 sororem
1172 2100 1365 2160 carissimam

95 2202 100 2208 ”
139 2214 170 2265 et
202 2224 242 2266 ne
273 2207 300 2266 ei
332 2205 460 2286 quidem
484 2224 588 2271 rerum
612 2211 723 2265 natura
745 2203 873 2285 lugendi
896 2207 1117 2268 necessitatem
1141 2205 1285 2280 abstulit,
1318 2207 1366 2268 cui

139 2309 259 2373 caelum
276 2310 502 2373 destinauerat:
527 2312 626 2372 immo
643 2331 719 2371 uero
736 2311 820 2372 idem
837 2313 924 2373 omni
940 2332 1055 2392 genere
1073 2311 1214 2375 orbitatis
1231 2321 1365 2374 uexatus

139 2419 255 2479 sororis
286 2417 382 2480 filium
414 2419 602 2481 successioni
631 2427 852 2499 praeparatum
878 2440 953 2481 suae
976 2419 1119 2501 perdidit.
1167 2421 1302 2500 denique
1325 2441 1365 2481 ne

140 2524 277 2605 singulos
309 2526 373 2586 eius
403 2523 504 2587 luctus
535 2545 741 2600 enumerem,
767 2534 799 2586 et
830 2545 965 2606 generos
993 2524 1042 2587 ille
1066 2528 1170 2588 amisit
1194 2535 1224 2588 et
1248 2526 1364 2588 liberos
1378 2544 1404 2582 20

140 2640 171 2692 et
194 2641 335 2713 nepotes,
360 2653 397 2694 ac
419 2652 515 2694 nemo
539 2631 640 2710 magis
664 2653 705 2693 ex
730 2631 875 2693 omnibus
899 2632 1086 2694 mortalibus
1109 2633 1271 2695 hominem
1295 2652 1365 2694 esse

139 2759 188 2813 se,
220 2739 297 2800 dum
329 2740 408 2801 inter
434 2738 579 2800 homines
603 2748 686 2814 erat,
718 2739 832 2801 sensit:
867 2746 974 2800 tamen
997 2747 1047 2800 tot
1070 2746 1240 2820 tantosque
1263 2739 1364 2802 luctus

140 2847 222 2927 cepit
259 2866 362 2907 rerum
400 2847 541 2907 omnium
573 2847 812 2927 capacissimum
844 2846 909 2908 eius
939 2857 1050 2926 pectus
1081 2847 1243 2926 uictorque
1274 2847 1365 2907 diuus

139 2951 304 3037 Augustus
328 2973 391 3014 non
415 2953 552 3030 gentium
577 2952 1042 3028 tantummodoextemarum,
1071 2953 1247 3014 sedetiam
1272 2952 1362 3015 dolo-

104 3064 120 3116 4
139 3079 207 3119 rum
231 3059 295 3121 fuit.
342 3059 438 3122 Gaius
464 3059 592 3134 Caesar,
617 3061 679 3121 diui
702 3058 850 3140 Augusti,
873 3059 1021 3121 auunculi.
1039 3060 1101 3121 mei
1123 3060 1230 3140 magni
1254 3080 1362 3141 nepos,
1377 3075 1403 3116 as

121 3166 218 3252 *circa
246 3167 366 3246 primos
390 3167 535 3227 iuuentae
557 3187 632 3227 suae
656 3186 755 3228 annos
778 3167 911 3228 Lucium
935 3167 1064 3228 fratrem
1088 3167 1281 3228 carissimum
1305 3165 1365 3227 sibi

139 3273 282 3354 princeps
305 3275 472 3335 iuuentutis
495 3275 668 3355 principem
693 3274 833 3335 eiusdem
857 3274 1023 3335 iuuentutis
1044 3274 1147 3334 amisit
1163 3275 1193 3334 in
1209 3274 1363 3355 adparatu

139 3377 273 3439 Parthici
295 3379 368 3441 belli
392 3389 423 3442 et
444 3380 589 3460 grauiore
610 3380 711 3441 multo
727 3380 821 3440 animi
837 3377 965 3440 uolnere
981 3400 1076 3460 quam
1093 3388 1207 3461 postea
1223 3380 1363 3459 corporis

106 3489 120 3541 5
139 3485 218 3547 ictus
241 3494 307 3547 est:
342 3488 429 3566 quod
453 3495 622 3568 utrumque
645 3496 677 3549 et
700 3487 837 3567 piissime
861 3487 946 3548 idem
970 3495 1003 3548 et
1018 3486 1185 3548 fortissime
1201 3484 1279 3548 tulit.
1315 3485 1363 3546 Ti.

141 3731 341 3797 1catharg0B
431 3732 663 3785 3LucillorumB
752 3732 878 3786 morteB
968 3731 1147 3799 5reliquidB
1219 3732 1365 3785 Seuexerat

143 3818 223 3873 Gertz
243 3829 350 3871 erexerat
372 3819 450 3875 BDE
544 3821 576 3874 13
601 3820 800 3887 contemptusB
891 3821 925 3874 14
950 3824 1056 3886 expserit
1074 3821 1102 3876 B
1196 3821 1276 3874 illiD

143 3927 173 3979 16
193 3929 316 3977 Octauam
337 3923 367 3980 B'
451 3926 485 3980 18
504 3934 603 3978 uexatus
621 3926 761 3981 amittito
851 3927 884 3981 19
903 3926 983 3981 suiD
1073 3929 1107 3982 20
1130 3911 1236 3979 enimeifi
1259 3927 1281 3980 B

140 4014 171 4067 21
193 4033 222 4065 ac
241 4023 342 4082 nepotes
362 4015 416 4070 BE
502 4017 536 4070 22
555 4025 637 4067 tamen
656 4025 692 4066 tot
710 4019 736 4069 B
754 4034 816 4066 nunc
836 4023 872 4067 tot
890 4015 945 4071 BE
1032 4018 1065 4071 23
1085 4020 1273 4082 capacissimum
1295 4014 1364 4069 Gru-

140 4109 214 4158 terus
231 4108 422 4170 pacaeissimum
442 4104 467 4159 D
486 4108 670 4171 pacatissimum
690 4104 745 4159 BE
849 4105 883 4158 25
908 4109 939 4159 G.
954 4108 1030 4156 Cesar
1049 4104 1075 4158 B
1184 4107 1296 4155 auunculi
1314 4107 1363 4154 mei

140 4196 223 4258 magni
241 4211 319 4259 nepos
334 4193 447 4264 Madm'q
467 4196 579 4244 auunculi
598 4197 647 4244 mei
666 4211 695 4244 ac
708 4208 785 4259 nepos
801 4193 825 4246 B
844 4196 955 4244 auunculi
968 4197 1017 4243 mei
1030 4196 1140 4260 adnepos
1154 4192 1179 4246 I)
1191 4195 1313 4263 (abnepos
1328 4191 1362 4259 11)

229 4282 263 4336 28
287 4265 471 4347 ςῐαυίοῐῶὒ
573 4285 648 4332 animi
667 4284 753 4333 dolore
774 4281 826 4336 DE
922 4283 955 4336 29
981 4290 1005 4333 et
1022 4285 1132 4348 piissime
1154 4280 1232 4337 BDE
1254 4285 1363 4348 piissime

104 4363 105 4367 Ἰ
139 4370 229 4441 111ιῖ90,
241 4371 291 4425 sed
303 4370 338 4439 σί
355 4376 423 4436 18,1
445 4375 580 4437 eademque
598 4378 621 4422 et
640 4379 783 4422 ornamenta
802 4375 911 4422 maxima
930 4375 1058 4423 hominum
1077 4379 1130 4423 sunt
1150 4379 1174 4423 et
1193 4374 1287 4422 solacia

139 4463 178 4515 Ti.
199 4461 307 4514 addidet
326 4461 435 4533 Lipsius
