3046 5092
628 1239 658 1304 E.
682 1237 822 1304 ANNAEI
846 1236 1011 1303 SENECAE

429 1387 886 1482 urnnooouvn
908 1385 1106 1519 urana
1142 1386 1222 1482 rx.

710 1597 758 1644 AD
778 1594 942 1644 SERENVM

597 1737 637 1790 EE
657 1734 934 1799 'ERANQVIEEIEA'EE
953 1734 1059 1788 ANIMI.

1055 1832 1075 1872 0

302 2014 324 2070 I.
357 2007 550 2089 [SERENUS]
597 2006 766 2087 Inquirenti
798 2005 873 2067 mihi
901 2007 930 2068 in
955 2026 1006 2067 me
1029 2008 1187 2088 quaedam
1211 2008 1285 2070 uitia
1307 2029 1445 2092 appare·
1470 2020 1479 2070 l

214 2119 300 2192 bant,
323 2115 460 2190 Seneca,
485 2116 515 2176 in
539 2122 649 2194 aperto
672 2114 792 2195 posita,
823 2134 905 2194 quae
928 2111 1023 2175 manu
1046 2113 1249 2202 prenderem‚
1280 2116 1444 2195 quaedam

214 2223 397 2286 obscuriora
420 2229 452 2282 et
475 2221 505 2281 in
529 2240 660 2294 recessu,
685 2221 843 2301 quaedam
866 2239 930 2281 non
954 2221 1109 2295 continua,
1133 2222 1190 2296 sed
1214 2241 1256 2282 ex
1273 2220 1445 2284 interuallis

214 2330 392 2403 redeuntia,
423 2308 504 2408 quae
528 2325 577 2388 uel
602 2325 823 2388 molestissima
844 2326 996 2402 dixerim,
1028 2336 1062 2389 ut
1085 2326 1194 2390 hostes
1217 2348 1319 2409 uagos
1342 2338 1376 2392 et
1401 2349 1444 2390 ex

188 2434 431 2498 soccasionibus
455 2433 649 2509 adsilienteS,
673 2454 730 2514 per
753 2453 833 2514 quos
857 2442 1001 2496 neutrum
1026 2433 1112 2509 licet,
1140 2454 1200 2496 nec
1220 2443 1390 2522 ¹tamquam
1413 2421 1445 2498 in

215 2542 300 2605 bello
332 2551 476 2626 paratum
505 2561 574 2602 esse
602 2560 660 2601 nec
683 2548 847 2621 tamquam
870 2542 899 2603 in
923 2561 1002 2622 pace
1025 2561 1177 2603 securum.
1224 2541 1309 2603 illum
1334 2550 1480 2604 tamen2

215 2649 357 2712 habitum
388 2649 418 2710 in
450 2669 502 2709 me
533 2648 673 2709 maxime
704 2646 908 2728 deprehendo
941 2644 1052 2730 (quare
1079 2648 1162 2710 enim
1185 2669 1249 2710 non
1273 2669 1386 2710 uerum
1410 2658 1445 2713 ut

216 2757 340 2818 medico
364 2754 463 2817 fatear
472 2750 498 2838 i)
522 2775 580 2816 nec
602 2753 688 2815 bona
710 2753 774 2814 fide
795 2753 962 2816 liberatum
987 2775 1038 2816 me
1061 2757 1114 2831 eis
1137 2776 1219 2836 quae
1239 2755 1395 2829 timebam
1413 2765 1445 2819 et

216 2864 357 2937 oderam,
380 2881 438 2923 nec
454 2882 558 2922 rursus
575 2861 760 2923 obnoxium.
796 2862 826 2922 in
842 2869 925 2924 statu
942 2870 976 2924 ut
991 2883 1056 2924 non
1071 2863 1218 2943 pessimo,
1242 2862 1286 2924 ita
1302 2865 1445 2925 maxime

178 2985 202 3026 10
216 2968 346 3050 querulo
371 2977 403 3029 et
426 2988 555 3029 moroso
578 2968 699 3047 positus
722 2986 811 3029 sum:
837 2988 896 3029 nec
911 2964 1052 3049 'aegroto
1075 2989 1134 3030 nec
1157 2968 1248 3031 ualeo
1295 2990 1362 3032 non
1386 2978 1443 3043 est,
1464 2977 1480 3027 3

217 3075 302 3156 quod
335 3076 420 3138 dicas
451 3075 591 3136 omnium
624 3075 773 3136 uirtutum
796 3083 905 3136 tenera
929 3094 998 3136 esse
1021 3075 1185 3156 principia,
1216 3084 1363 3157 tempore
1387 3075 1446 3138 illis

194 3183 437 3244 'duramentum
462 3191 493 3243 et
518 3181 614 3243 robur
637 3183 796 3279 accedere.
827 3201 890 3242 non
914 3183 1027 3262 ignoro
1051 3183 1146 3243 etiam
1161 3202 1243 3263 quae
1258 3183 1289 3242 in
1304 3184 1444 3264 speciem

217 3286 377 3362 laborant,
409 3287 596 3368 dignitatem
627 3288 699 3349 dico
731 3297 762 3349 et
794 3286 991 3369 eloquentiae
1021 3286 1138 3350 samam
1170 3297 1202 3350 et
1225 3289 1380 3370 quidquid
1403 3290 1445 3350 ad

218 3393 352 3456 alienum
375 3394 557 3475 suffragium
581 3395 679 3469 uenit,
704 3415 793 3455 mora
816 3393 1044 3458 conualescere.
1090 3403 1225 3475 etquae
1248 3414 1339 3470 ueras
1363 3396 1446 3457 uires

180 3520 203 3558 u
218 3511 329 3582 parant
353 3509 384 3563 et
407 3521 489 3581 quae
511 3501 553 3562 ad
575 3499 764 3582 placendum
788 3501 860 3563 fuco
883 3502 1023 3582 quodam
1052 3501 1239 3576 subornant,
1271 3502 1446 3583 ex‘pectant

218 3628 325 3683 annos,
350 3610 453 3670 donec
475 3607 625 3689 paulatim
650 3607 789 3669 colorem
814 3608 1000 3670 diuturnitas
1023 3609 1126 3670 ducat.
1162 3609 1220 3670 sed
1243 3628 1306 3688 ego
1323 3629 1445 3685 uereor,

169 3708 170 3712 ’
217 3736 258 3776 ne
289 3716 503 3788 consuetudo,
531 3735 613 3795 quae
643 3714 736 3776 rebus
768 3713 870 3777 adfert
894 3717 1119 3810 constantiam3
1150 3714 1213 3776 hoc
1235 3715 1344 3777 uitium
1369 3715 1445 3777 mihi

219 3998 350 4051 QSeneca
371 3995 539 4050 Gronom'us:
568 4003 643 4048 reteta
663 3998 700 4061 (in
720 4011 785 4059 ras„
804 4012 815 4045 r
831 3993 888 4065 fuit
905 3999 927 4060 s)
1025 4001 1117 4063 qmanu
1136 4000 1165 4062 (q
1183 3999 1266 4063 corr.)
1358 3998 1445 4051 bad-

218 4099 317 4172 silientis
408 4120 424 4174 7
444 4121 576 4187 de13hendo
666 4119 682 4174 8
702 4137 742 4170 me
761 4119 870 4173 addidit
888 4118 1004 4191 Madut'q
1094 4124 1128 4172 eis
1153 4139 1217 4188 quae
1234 4120 1334 4192 uulqoz
1361 4124 1445 4190 eisque

218 4210 293 4263 initio
311 4226 423 4268 uersum
451 4214 514 4263 ante
533 4207 639 4279 aliquid
656 4224 771 4274 erasum,
788 4207 911 4278 fortasse
929 4213 964 4271 m)
1074 4209 1107 4262 10
1131 4211 1223 4275 positus
1248 4210 1322 4278 (ante
1339 4209 1446 4281 aliquid

218 4300 335 4365 erasnm)
427 4316 472 4348 nec
496 4304 598 4363 aegroto
618 4292 716 4368 uulqot
744 4316 784 4348 me
809 4305 895 4363 egroto
989 4298 1019 4351 13
1044 4301 1160 4364 quicquid
1252 4298 1284 4352 15
1308 4301 1444 4351 subornant

221 4385 318 4440 Gertz:
339 4391 500 4438 subornantur
