3046 5092
325 300 548 342 CONTVMELmM
568 299 716 340 ACCIPERE
735 298 914 340 SAPIENTEM.
934 299 1005 343 XVIl.
1018 299 1102 341 XVIII.
1287 307 1326 367 33

123 447 261 509 hominem
285 454 395 509 natum
420 454 453 507 et
475 447 516 507 ad
538 446 632 507 risum
649 454 681 506 et
697 446 739 506 ad
755 444 872 519 odium,
896 465 1036 507 scurram
1052 443 1145 507 fuisse
1161 455 1330 508 uenustum

127 574 154 616 ac
179 555 311 614 dicacem
343 553 517 613 memoriae
544 553 706 633 proditum
731 559 787 612 est.
833 551 863 613 in
886 552 986 632 pedes
1009 573 1084 614 suos
1106 552 1174 633 ipse
1196 551 1331 633 plurima

129 659 228 722 dicebat
251 667 285 720 et
307 659 338 719 in
362 657 467 720 fauces
491 659 640 720 concisas
679 659 723 719 sic
738 657 944 732 inimicorum,
967 678 1048 738 quos
1069 656 1174 740 plures
1189 657 1330 720 habebat

130 786 199 846 quam
227 765 372 840 morbos,
404 774 438 854 et
467 765 498 826 in
529 765 636 847 primis
667 763 826 827 Ciceronis
858 764 1069 826 urbanitatem
1097 764 1258 845 effugerat.
1305 765 1330 826 si

130 870 174 933 hoc
190 871 290 952 potuit
306 869 356 932 ille
372 871 485 936 duritia
500 871 571 945 oris,
595 871 648 950 qui
664 870 802 931 adsiduis
818 871 964 932 conuiciis
987 872 1107 953 pudere
1127 870 1329 945 dedidicerat,
1357 890 1369 928 5

130 999 168 1039 cur
190 979 212 1039 is
242 968 308 1039 non
338 978 456 1059 possit,
487 978 540 1058 qui
570 977 681 1039 studiis
711 976 891 1039 liberalibus
923 985 955 1038 et
985 977 1156 1057 sapientiae
1181 976 1265 1039 cultu
1288 979 1330 1040 ad

107 1083 237 1164 taliquem
283 1081 462 1165 profectum
500 1084 685 1164 peruenerit.
731 1084 820 1145 adice
858 1085 946 1163 quod
985 1104 1085 1166 genus
1121 1083 1245 1145 ultionis
1284 1092 1332 1146 est

131 1191 222 1271 eripere
244 1191 281 1265 ei,
305 1191 359 1270 qui
382 1188 461 1265 fecit,
486 1188 587 1252 sactae
611 1189 820 1252 contumeliae
837 1188 1043 1272 uoluptatem.
1089 1190 1193 1252 solent
1209 1191 1328 1252 dicere:

131 1297 302 1358 omiserum
334 1300 404 1358 mel
446 1306 539 1378 puto,
570 1317 634 1357 non
657 1295 819 1358 intellexit.
865 1298 949 1358 adeo
980 1295 1098 1358 fructus
1122 1290 1332 1358 contumeliae

131 1403 253 1463 iisensu
283 1412 315 1465 et
346 1403 561 1483 indignatione
592 1403 737 1485 patientis
761 1412 817 1465 est.
865 1403 979 1465 deinde
1001 1424 1066 1464 non
1090 1402 1190 1465 deerit
1211 1401 1254 1464 illi
1276 1402 1371 1464 ali-10

132 1509 231 1588 quando
254 1529 321 1591 par.
368 1509 541 1570 inuenietur
564 1510 617 1589 qui
640 1518 673 1570 te
696 1529 824 1590 quoque
849 1509 994 1570 uindicet
1132 1514 1134 1517 ’

112 1619 120 1670 1
197 1613 309 1677 XVIII.
343 1614 378 1678 Q
404 1613 520 1677 Caesar
543 1617 623 1677 inter
647 1625 752 1677 cetera
774 1615 861 1690 uitia,
893 1615 1007 1695 quibus
1031 1615 1233 1691 abundabat,
1256 1636 1330 1677 con-

133 1723 287 1784 tuneliosus
311 1723 390 1785 mira
413 1721 541 1784 libidine
564 1720 723 1784 serebatur
747 1723 850 1784 omnis
874 1721 977 1802 aliqua
999 1731 1075 1784 nota
1098 1721 1240 1796 feriendi,
1265 1723 1331 1804 ipse

134 1830 234 1891 materia
264 1829 342 1891 risus
370 1828 615 1909 benignissima:
664 1835 754 1889 tanta
783 1827 825 1889 illi
855 1827 982 1910 palloris
1012 1828 1164 1889 insaniam
1187 1830 1332 1890 testantis

133 1931 238 1998 loeditas
268 1945 350 2010 erat,
381 1943 470 1996 tanta
499 1933 664 1996 oculorum
695 1934 754 1996 sub
783 1933 887 1996 fronte
911 1933 981 1995 anili
1003 1933 1168 1996 latentium
1190 1935 1330 2010 toruitaS,
1348 1950 1372 1989 ¹5

81 2098 87 2111 ,
134 2047 198 2102 tanta
223 2042 331 2124 capitis
363 2041 504 2104 destituti
534 2049 566 2102 et
597 2040 802 2102 emendicatis
835 2041 951 2123 capillis
975 2041 1116 2123 adspersi
1140 2040 1332 2103 deformitas.

83 2148 86 2153 “
136 2146 201 2208 adice
219 2148 383 2210 obsessam
406 2149 482 2210 setis
506 2147 660 2208 ceruicem
684 2157 716 2208 et
731 2146 905 2228 exilitatem
922 2168 1046 2209 crurum
1063 2155 1095 2209 et
1111 2147 1332 2209 enormitatem

135 2254 232 2330 pedum.
285 2256 463 2316 inmensum
494 2262 556 2329 est,
596 2254 621 2314 si
652 2252 752 2314 uelim
776 2253 899 2333 singula
929 2253 1060 2329 referre,
1101 2273 1159 2335 per
1188 2273 1271 2334 quae
1301 2254 1332 2315 in

81 2358 83 2365 '
138 2370 252 2436 parentes
284 2381 427 2442 auosque
457 2380 532 2421 suos
563 2358 809 2422 contumeliosus
832 2358 901 2434 fuit,
931 2380 988 2441 per
1011 2381 1092 2440 quae
1116 2360 1147 2421 in
1170 2361 1333 2422 uniuersos

81 2459 83 2537 j
115 2461 250 2528 lordines:
299 2486 338 2528 ea
379 2464 529 2540 reseram,
568 2485 649 2546 quae
678 2464 777 2526 illum·
795 2465 892 2526 exitio
927 2466 1092 2527 dederunt.
1154 2465 1332 2528 Asiaticum
1345 2480 1372 2521 ‘20

81 2578 83 2591 ²
137 2567 266 2635 Valerium
313 2573 345 2633 In
390 2573 499 2654 primis
541 2571 649 2634 amicis
685 2570 840 2646 habebat,
886 2570 1026 2648 ferocem
1059 2573 1160 2634 uirum
1198 2581 1232 2634 et
1276 2573 1343 2633 uix·

81 2664 83 2725 ἶ
138 2693 212 2756 aequo
245 2679 351 2741 animo
396 2665 513 2740 alienas
563 2677 769 2740 contumelias
806 2677 950 2740 laturum.
1011 2677 1084 2740 huic
1114 2678 1145 2739 in
1176 2679 1330 2753 conuiuio,

81 2840 84 2863 ι
137 2777 210 2846 idest
228 2787 258 2847 in
281 2786 439 2859 contione,
464 2805 543 2846 uoce
566 2783 748 2859 clarissima,
771 2783 870 2864 qualis
893 2785 924 2846 in
947 2785 1118 2848 concubitu
1141 2795 1226 2847 esset
1248 2805 1332 2846 uxor

81 2934 83 2943 .
138 2885 189 2963 eius,
207 2891 326 2954 obiecit.
373 2892 405 2952 di
427 2891 511 2967 boni,
535 2889 597 2953 hoc
620 2892 721 2953 uirum
745 2892 860 2971 audire
876 2892 1048 2972 principem
1072 2892 1151 2954 scire
1177 2901 1209 2955 et
1230 2911 1331 2971 usque
1405 2929 1407 2932 >

81 2978 84 3061 i
138 3009 165 3051 eo
181 2994 323 3060 licentiam
346 2998 540 3079 peruenisse,
569 3006 618 3072 ut,
646 3018 711 3059 non
739 2999 812 3059 dico
836 2997 1005 3073 consulari,
1032 3019 1097 3059 non
1122 2998 1193 3059 dico
1217 2997 1329 3072 amico,
1343 3014 1369 3052 ’ὣ

81 3104 84 3116 “
138 3100 178 3159 sed
200 3111 314 3167 tantum
346 3106 461 3166 marito
491 3106 636 3184 princeps
664 3111 696 3164 et
724 3103 911 3177 adulterium
939 3124 1031 3165 suum
1060 3112 1165 3166 narret
1188 3113 1221 3165 et
1243 3102 1328 3164 fasti·

146 3271 313 3290 ’N'—

81 3456 109 3485 Ι,
138 3409 261 3472 tunulum
282 3421 452 3476 Gronovius:
473 3428 497 3473 et
517 3429 642 3471 uenustum
747 3421 885 3473 bassiduis
989 3423 1143 3472 dedidicerat
1162 3419 1326 3474 Pincianus:

81 3588 83 3593 Ι
138 3516 225 3578 didicerat
318 3508 416 3582 sscuri⁵
432 3529 507 3598 (post
525 3544 568 3578 cur
586 3527 653 3593 ras.)
746 3526 917 3592 7peruenerit
936 3524 1075 3580 Muretus:
1097 3536 1240 3593 peruenerat

81 3672 83 3731 ζ
137 3620 207 3716 utoiii
311 3669 495 3724 9contumelie
610 3669 643 3722 10
661 3631 784 3734 patientise
882 3629 978 3720 ‘ridirn
1093 3669 1126 3722 12
1145 3669 1175 3723 C.
1195 3674 1221 3722 et
1238 3666 1283 3720 hic
1302 3673 1329 3722 et

81 3782 84 3829 ς
137 3745 191 3814 infra
203 3758 295 3829 scripsi
311 3764 420 3812 secutus
432 3762 613 3828 praeceptum
627 3755 717 3823 Quint.
740 3763 761 3820 1,
783 3762 806 3824 7,
827 3759 859 3810 28
880 3761 907 3811 et
925 3756 1049 3828 lapidum
1068 3758 1215 3811 invisorum
1234 3763 1327 3811 aucto-

81 3838 85 3929 s
137 3834 219 3908 dialem,
235 3848 357 3916 quamuis
376 3845 467 3900 codex
485 3847 555 3899 mira
574 3846 726 3899 constantia
744 3845 868 3900 omnibus
886 3844 955 3900 locis
973 3847 1005 3902 G.
1025 3851 1114 3900 teneat
1211 3846 1244 3899 13
1264 3849 1327 3896 mira
1362 3916 1364 3918 v

81 3940 210 4021 :libidine
223 3952 320 4018 Haase,
339 3951 471 4023 Maduiq:
492 3954 638 4007 mirabiliter
752 3953 784 4006 15
803 3947 892 4017 fadita⁵
920 3952 940 4021 (s
960 3969 994 4009 m.
1007 3953 1068 4022 pr.)
1166 3954 1325 4022 ¹anili=1=(ras.

81 4030 194 4087 'raum
206 4039 260 4106 sere
277 4041 440 4109 litterarum)
546 4041 578 4094 16
597 4043 751 4102 efirdacitatis
770 4039 822 4095 red
839 4043 968 4091 eradicatis
986 4057 1124 4111 supersrr.
1233 4043 1325 4106 aspersi

201 4129 550 4193 catalano—deformitas,
570 4146 640 4200 quae
655 4127 737 4183 Gertz
749 4146 779 4182 se
791 4145 844 4183 non
858 4129 1014 4199 intelleqcre
1025 4130 1181 4200 profitetur,
1201 4130 1276 4195 satis,
1296 4133 1327 4182 ut

81 4212 83 4227 ²
137 4208 215 4279 Vltor,
232 4219 405 4289 explicantur
422 4220 455 4272 iis
474 4235 544 4288 quae
561 4219 737 4272 inueniuntur
756 4216 791 4272 de
809 4218 882 4272 brou.
903 4218 951 4276 uit.
974 4222 1014 4279 12,
1040 4222 1055 4269 3
1076 4221 1135 4268 dum
1153 4235 1227 4268 coma
1239 4259 1246 4272 .
1260 4259 1266 4272 .
1281 4220 1324 4268 de-

81 4295 199 4350 .ficiens
212 4305 260 4357 hinc
278 4317 348 4374 atque
368 4309 434 4358 illinc
453 4309 478 4357 in
496 4309 602 4357 frontem
622 4308 768 4372 conpellitur
865 4308 898 4361 17
917 4310 974 4372 setis
1069 4309 1235 4357 inormitatem

136 4381 163 4434 ‘23
176 4387 196 4436 id
210 4402 237 4443 est
252 4395 372 4466 Lt'yrsius:
392 4399 435 4449 ida
455 4396 530 4466 (post
547 4414 560 4445 e
580 4395 646 4449 leuis
665 4398 731 4461 ras.)
851 4399 999 4448 inconcione

875 4594 887 4620 4
