3046 5092
435 343 514 386 DIAL.
531 343 570 386 IV.
594 343 635 382 DE
650 343 702 382 IRA
716 343 771 386 LIB.
788 343 816 385 11.
846 346 931 387 17-19.
1254 350 1295 411 69

55 498 261 574 temperatus
292 491 332 552 sit
363 490 487 571 sapiens
519 498 552 551 et
583 491 625 551 ad
655 510 705 551 res
728 489 838 550 fortius
862 491 1002 569 agendas
1026 511 1090 552 non
1114 493 1206 565 iram,
1238 491 1296 552 sed

65 601 127 662 uim
153 595 312 659 adhibeat.
892 656 895 662 ,

45 723 59 773 l
157 703 271 764 XVIII.
305 701 467 783 Quoniam
498 722 579 784 quae
609 703 651 763 de
674 702 719 763 ira
742 711 933 783 quaeruntur
955 695 1174 778 tractauimuS,
1206 722 1306 765 acce-x

80 810 182 871 damus
203 808 243 870 ad
259 810 399 879 remedia
415 809 488 870 eius
527 809 592 869 duo
608 816 724 882 autem,
748 817 783 870 ut
799 809 920 889 opinor,
943 816 1033 870 sunt:
1068 828 1108 869 ne
1123 809 1296 888 incidamus

85 919 112 978 ln
134 916 206 976 iram
235 923 267 976 et
298 934 339 975 ne
373 915 403 976 in
435 916 480 976 ira
509 934 686 995 peccemus,
733 922 767 975 ut
797 915 828 975 in
859 933 1029 994 corporum
1063 935 1137 976 cura
1167 913 1226 977 alia
1254 917 1296 977 de
1323 938 1335 976 a

87 1022 188 1083 tuenda
215 1020 406 1095 ualetudine,
437 1021 498 1082 alia
528 1022 569 1082 de
599 1021 793 1082 restituenda
823 1028 994 1103 praecepta
1023 1029 1111 1095 sunt,
1142 1021 1184 1082 ita
1208 1020 1297 1082 aliter

90 1129 153 1188 iram
174 1129 324 1189 debemus
347 1125 510 1208 repellere,
541 1126 630 1189 aliter
653 1146 851 1206 conpescere.
897 1134 932 1188 ut
955 1127 1106 1202 uitemuS,
1138 1128 1296 1208 quaedam

92 1235 126 1294 ad
148 1236 315 1296 uniuersam
346 1235 443 1295 uitam
467 1234 654 1315 pertinentia
676 1233 913 1313 praecipientur.
961 1253 998 1294 ea
1021 1234 1051 1293 in
1076 1234 1296 1295 educationem

93 1341 161 1400 etin
180 1341 339 1421 sequentia
361 1348 508 1420 tempora
531 1338 717 1427 diuidentur.

64 1454 78 1506 2
163 1446 312 1509 Educatio
344 1446 519 1508 maximam
548 1445 741 1525 diligentiam
765 1443 996 1526 plurimumque
1019 1443 1216 1526 profuturam
1240 1446 1294 1507 de·
1313 1465 1337 1506 ro

94 1550 194 1616 siderat.
228 1553 319 1616 facile
343 1561 391 1615 est
407 1554 490 1614 enim
507 1560 634 1615 teneros
650 1550 755 1613 adhuc
774 1553 897 1613 ammos
918 1572 1107 1634 conponere,
1132 1551 1298 1614 difficulter

93 1658 246 1722 reciduntur
268 1660 351 1734 uitia,
374 1679 455 1741 quae
477 1657 643 1720 nobiscum
667 1665 841 1720 creuerunt.

67 1772 102 1823 1ν
163 1765 242 1828 XIX.
292 1765 548 1847 Oportunissima
570 1765 613 1826 ad
635 1765 829 1827 iracundiam
854 1763 963 1826 feruidi
985 1765 1081 1826 animi
1104 1772 1216 1826 natura
1239 1773 1289 1825 est

94 1888 152 1930 narn
177 1893 243 1934 curn
274 1871 433 1934 elementa
463 1873 524 1933 sint
554 1879 719 1953 quattuor,
757 1871 854 1949 ignis,
895 1891 1011 1952 aquae,
1050 1871 1145 1946 aeris,
1184 1879 1296 1945 terrae,

93 1984 241 2052 potestates
265 1999 357 2061 pares
380 1977 428 2039 his
450 1986 538 2052 sunt,
568 1977 704 2053 feruida,
728 1976 849 2057 frigida,
873 1977 960 2038 arida
983 1985 1078 2058 atque
1101 1977 1217 2038 umida.
1263 1985 1296 2038 et
1313 1994 1336 2036 u

93 2077 212 2146 locorum
241 2085 349 2167 itaque
379 2091 412 2146 et
442 2082 623 2146 animalium
656 2091 688 2146 et
721 2104 890 2164 corporum
923 2091 955 2145 et
983 2104 1108 2145 morum
1132 2085 1300 2145 uarietates

94 2186 208 2253 mixtura
244 2191 475 2252 elementorum
514 2189 587 2252 facit
619 2199 651 2251 et
680 2189 814 2270 proinde
845 2189 949 2270 aliquo
983 2191 1085 2270 magis
1115 2189 1300 2251 incumbunt

93 2291 201 2373 ingenia,
220 2305 316 2380 prout
340 2294 466 2358 alicuius
490 2295 637 2358 elementi
654 2297 755 2357 maior
771 2297 816 2357 uis
833 2295 1014 2358 abundauit.
1052 2297 1126 2357 inde
1142 2297 1297 2377 quasdam

94 2400 193 2464 umidas
214 2425 367 2467 uocamus
390 2405 554 2486 aridasque
577 2405 722 2484 regiones
746 2412 778 2465 et
803 2403 921 2466 calidas
945 2413 977 2466 et
1000 2403 1136 2485 frigidas.
1183 2404 1297 2466 eadem

65 2504 248 2573 tannalium
279 2510 508 2591 hominumque
539 2511 718 2572 discrimIna
741 2519 832 2572 sunt:
874 2509 969 2572 refert
992 2519 1144 2591 quantum
1168 2511 1299 2590 quisque
1313 2523 1338 2563 2⁰

94 2611 172 2675 umidi
191 2618 219 2678 in
241 2636 277 2678 se
300 2615 454 2697 calidique
477 2617 645 2678 contineat.
676 2616 762 2677 cuius
785 2616 816 2677 in
840 2614 892 2677 illo
909 2615 1056 2677 elementi
1078 2616 1184 2696 portio
1208 2635 1298 2696 prae-

95 2715 202 2798 ualebit‚
224 2724 299 2785 inde
323 2743 430 2784 mores
454 2731 552 2784 erunt.
597 2723 764 2784 iracundos
788 2721 909 2784 feruida
931 2723 1026 2784 animi
1050 2729 1161 2784 natura
1183 2721 1295 2783 faciet:

96 2829 133 2881 est
151 2829 222 2890 enirn
247 2837 397 2891 actuosus
419 2836 452 2890 et
475 2829 621 2910 pertinax
644 2829 732 2909 ignis,
777 2827 880 2908 frigidi
903 2830 1042 2890 mixtura
1061 2828 1190 2889 timidos
1206 2826 1295 2889 facit:

67 2925 196 3007 3pigrum
222 2944 270 2998 est
300 2936 383 2997 enim
407 2942 668 3015 contractumque
691 2933 795 3013 frigus
842 2933 952 2996 uolunt
975 2935 1081 3015 itaque
1103 2935 1232 3014 quidam
1257 2954 1299 2994 ex

96 3039 190 3102 nostris
214 3042 292 3103 iram
322 3042 354 3102 in
384 3049 517 3121 pectore
547 3040 667 3102 moueri
699 3040 924 3102 efferuescente
956 3041 1038 3101 circa
1060 3059 1115 3100 cor
1135 3040 1296 3120 sanguine.
1312 3062 1338 3102 25

96 3155 170 3205 causa
189 3167 239 3210 cur
262 3146 314 3208 hic
336 3147 536 3228 potISSImum
559 3147 742 3227 adsignetur
765 3148 828 3208 irae
848 3145 936 3207 locus
959 3167 1024 3207 non
1045 3144 1177 3221 aliaest,
1201 3165 1298 3226 quam
1370 3216 1373 3221 y

68 3249 165 3321 lquod
184 3253 210 3314 in
232 3261 303 3315 toto
328 3273 463 3334 corpore
487 3252 709 3314 calidissimum
732 3266 843 3334 pectus
867 3259 923 3314 est.
970 3251 1082 3333 quibus
1107 3253 1205 3314 umidi
1228 3251 1299 3333 plus

96 3345 172 3430 inest,
198 3379 307 3422 eorum
330 3357 482 3440 paulatim
506 3359 617 3420 crescit
640 3358 692 3434 ira,
717 3360 877 3440 quianon
901 3367 949 3421 est
972 3366 1099 3440 paratus
1122 3357 1181 3419 illis
1204 3358 1298 3434 calor,

57 3549 64 3566 ι
96 3455 141 3515 sed
166 3473 248 3527 motu
278 3465 460 3546 adquiritur.
505 3465 610 3546 itaque
642 3483 813 3546 puerorum
829 3464 1094 3545 feminarumque
1125 3465 1189 3526 Irae
1211 3485 1298 3527 acres

98 3626 283 3651 χ-

97 3762 142 3816 ssd'
159 3780 237 3831 tuenda
257 3777 292 3848 (d’
313 3781 341 3833 iu
360 3780 427 3847 rar.)
537 3780 552 3832 7
576 3797 732 3846 conpescere.
759 3787 783 3829 ut
802 3782 919 3842 uitemus,
939 3782 1062 3846 quaedam
1081 3778 1197 3850 Maduiq
1216 3745 1312 3833 inter.-

10 3916 13 3923 .
91 3861 273 3939 fluiditatem
287 3885 444 3935 conpescere,
464 3875 489 3918 ut
502 3870 612 3921 uitemus.
638 3870 759 3933 quaedam
834 3869 866 3921 13
887 3869 1103 3950 OpportunlssIma
1176 3869 1209 3920 15
1229 3877 1298 3934 potes

96 3963 154 4013 stara
170 3969 252 4043 (prior
270 3993 289 4038 s,
309 3991 380 4044 quae
398 3981 438 4029 est
456 3976 484 4028 in
499 3974 555 4042 fine
573 3989 678 4042 uersor,
698 3972 797 4040 deleta)
872 3955 972 4024 humida
1057 3975 1090 4027 17
1109 3977 1213 4037 mixtura
1233 3974 1298 4041 (ras.

92 4073 146 4130 PIIl
160 4075 203 4132 it'n
210 4082 265 4150 fine
275 4082 383 4149 uersus)
457 4084 539 4147 aliquo
558 4078 689 4149 Madur'q:
711 4080 833 4145 inaliquos
912 4081 945 4134 19
965 4061 1078 4131 humidas
1149 4081 1182 4134 21
1204 4061 1299 4130 humidi

183 4170 282 4236 calidiq3
313 4168 378 4239 (fuit
401 4170 460 4238 call)
517 4178 522 4187 ·
574 4169 608 4223 23
632 4170 692 4218 iacit
717 4183 776 4221 cum
803 4167 911 4222 Gertzio
937 4167 1047 4221 uidetur
1072 4183 1130 4223 esse
1155 4167 1299 4222 delendum

169 4253 197 4308 25
219 4261 440 4324 pectoreimpueri
536 4261 708 4308 efferuescente
727 4255 892 4311 deteriores:
919 4259 1085 4308 efferuescenti
1180 4259 1298 4322 sanguine

100 4325 145 4424 Isin
158 4337 181 4392 tlt
196 4348 259 4410 ras.)
349 4347 384 4400 27
402 4348 497 4396 humidi
516 4345 581 4413 (fuit
599 4346 687 4411 umidi)
779 4345 814 4398 29
833 4347 965 4410 acquiritur
985 4345 1010 4412 (c
1029 4360 1067 4400 ex
1085 4347 1103 4394 d
1121 4345 1205 4412 corr.)

100 4429 130 4466 ¹¹⁸
144 4421 164 4487 (e
179 4431 288 4500 cornl'
