3060 5078
220 313 261 374 48
601 313 681 357 orni..
698 310 737 352 111.
753 311 793 350 oa
809 311 861 350 mn
876 311 928 352 Lm.
944 311 1010 353 1.14.
1027 315 1058 352 15.

309 456 395 517 XIV.
427 457 501 517 Non
540 467 663 538 potest,
694 459 810 538 inquit,
841 457 907 518 fieri
932 455 1210 537 [Theophrastus],
1240 464 1275 517 ut
1303 476 1369 517 non
1401 457 1446 517 uir
1464 462 1509 515 t?

219 561 322 624 bonus
352 563 500 625 irascatur
532 564 630 627 malis,
676 566 738 627 isto
771 565 871 626 modo
903 585 967 645 quo
991 563 1101 625 melior
1123 564 1268 644 quisque,
1299 562 1364 624 hoc
1386 564 1444 625 ira-

220 671 351 731 cundior
379 672 455 753 erit:
490 671 562 732 uide
594 692 634 732 ne
665 681 774 732 contra
804 670 956 751 placidior
986 670 1170 750 solutusque
1200 652 1377 731 adfectibus
1407 672 1446 731 sit

221 787 252 839 et
276 779 325 838 cui
348 797 443 839 nemo
468 777 541 839 odio
565 779 613 843 sit.
659 779 817 858 peccantis
841 795 917 839 uero
940 779 1015 859 quid
1038 777 1136 838 habet
1159 797 1213 838 cur
1236 778 1349 851 oderit,
1374 797 1447 838 cum

193 905 308 945 terror
330 883 398 945 illos
421 885 452 944 in
476 886 631 947 eiusmodi
654 884 769 946 delicta
792 883 968 966 conpellat?
996 904 1060 945 non
1084 893 1132 945 est
1155 891 1262 945 autem
1284 884 1448 964 prudentis

220 992 350 1052 errantis
381 992 505 1066 odisse;
540 992 655 1073 alioqui
686 993 753 1072 ipse
784 991 843 1052 sibi
874 990 948 1053 odio
972 991 1039 1053 erit.
1085 991 1205 1071 cogitet
1227 1010 1323 1072 quam
1348 989 1449 1052 multa

220 1106 331 1158 contra
345 1097 468 1159 bonum
485 1119 607 1160 morem
623 1098 723 1173 faciat,
747 1119 842 1178 quam
860 1097 959 1159 multa
982 1117 1024 1158 ex
1048 1097 1095 1159 his
1119 1117 1199 1178 quae
1223 1097 1297 1176 egit,
1320 1097 1447 1157 ueniam

220 1204 417 1265 desiderent:
458 1205 520 1266 iam
558 1207 707 1266 irascetur
739 1205 833 1265 etiam
865 1204 931 1267 sibi.
977 1223 1080 1284 neque
1111 1205 1194 1264 enim
1225 1223 1318 1264 aecus
1349 1202 1448 1264 iudex

219 1309 312 1370 aliam
344 1312 385 1371 de
417 1332 488 1385 sua,
527 1311 619 1372 aliam
659 1311 700 1372 de
739 1310 839 1372 aliena
876 1331 970 1371 causa
1000 1311 1187 1372 sententiam
1226 1308 1293 1371 fert.
1340 1330 1447 1384 nem0,
1482 1314 1501 1367 3

182 1416 356 1497 uinquam,
380 1418 555 1479 inuenietur
578 1418 630 1498 qui
653 1438 687 1479 se
711 1419 810 1499 possit
833 1417 1006 1501 absoluere.
1044 1426 1076 1477 et
1091 1410 1292 1478 innocentem
1316 1416 1450 1497 quisque

219 1543 254 1583 se
285 1523 359 1584 dicit
391 1525 558 1606 respiciens
589 1533 720 1599 testem,
752 1545 816 1585 non
847 1525 1080 1586 conscientiam.
1131 1531 1250 1603 quanto
1282 1522 1451 1584 humanius

147 1633 151 1639 ’
219 1632 329 1699 mitem
361 1640 393 1692 et
428 1632 564 1712 patrium
604 1632 743 1692 animum
782 1639 943 1712 praestare
982 1629 1186 1712 peccantibus
1218 1636 1250 1688 et
1280 1627 1352 1690 illos
1383 1649 1448 1691 non

218 1737 371 1817 persequi,
395 1738 453 1798 sed
478 1742 645 1800 reuocare!
672 1746 829 1799 errantem
852 1757 908 1819 per
924 1757 1019 1817 agros
1042 1737 1219 1817 ignorantia
1242 1735 1311 1796 uiae
1336 1734 1448 1797 melius

219 1853 267 1904 est
290 1844 332 1904 ad
355 1854 476 1905 rectum
501 1845 558 1906 iter
582 1845 755 1917 admouere
778 1864 873 1924 quam
898 1843 1067 1926 expellere.

181 1978 205 2018 n
308 1950 381 2012 XV.
407 1950 619 2032 Corrigendus
643 1959 691 2012 est
718 1952 840 2031 itaque,
870 1952 923 2032 qui
945 1959 1072 2032 peccat,
1105 1956 1136 2011 et
1154 1949 1384 2011 admonitione
1416 1950 1471 2010 ett

220 2057 258 2130 ui,
282 2065 314 2117 et
337 2056 473 2118 molliter
496 2067 528 2119 et
552 2078 678 2138 aspere,
707 2057 881 2138 meliorque
904 2066 971 2118 tam
994 2057 1053 2118 sibi
1076 2076 1171 2138 quam
1195 2055 1260 2117 aliis
1284 2056 1443 2116 faciendus

219 2183 283 2224 non
306 2164 373 2223 sine
396 2164 618 2244 castigatione,
649 2165 707 2224 sed
738 2165 804 2225 sine
833 2165 886 2225 ira.
932 2165 999 2244 quis
1032 2164 1115 2225 enim
1146 2164 1194 2224 cui
1217 2162 1366 2224 medetur
1387 2163 1442 2224 ira·

219 2271 334 2331 scitur?
366 2278 399 2330 at
430 2271 543 2350 corrigi
573 2278 732 2351 nequeunt
763 2269 899 2349 nihilque
930 2271 960 2330 in
991 2268 1048 2331 illis
1078 2269 1149 2331 lene
1173 2277 1226 2331 aut
1249 2269 1318 2350 spei
1341 2267 1445 2329 bonae

219 2396 323 2457 capax
361 2385 428 2438 est:
473 2375 622 2437 tollantur
661 2396 679 2436 e
717 2385 810 2438 coetu
849 2375 1030 2437 mortalium
1068 2375 1178 2437 facturi
1215 2376 1326 2457 peiora
1365 2394 1445 2455 quae

178 2509 204 2548 20
219 2484 417 2562 contingunt,
449 2491 480 2544 et
510 2503 574 2562 quo
605 2503 668 2544 uno
700 2485 799 2544 modo
827 2492 960 2564 possunt
992 2483 1136 2544 desinant
1167 2481 1240 2545 mali
1272 2501 1356 2558 esse,
1389 2481 1445 2542 sed

218 2589 280 2650 hoc
303 2591 369 2650 sine
393 2589 477 2653 odio
521 2589 595 2668 quid
620 2590 703 2651 enim
728 2598 789 2664 est,
813 2609 866 2650 cur
890 2591 1011 2651 oderim
1036 2609 1117 2663 eum,
1141 2589 1189 2649 cui
1212 2597 1280 2649 tum
1306 2589 1479 2650 maxime2

217 2716 355 2776 prosum,
380 2715 451 2756 cum
475 2694 561 2757 illum
584 2695 642 2756 sibl
666 2696 783 2775 eripio?
823 2716 898 2756 num
929 2696 998 2776 quis
1022 2696 1167 2756 membra
1189 2715 1246 2756 sua
1268 2701 1344 2756 tunc
1369 2695 1447 2768 odit,

218 2821 289 2862 cum
313 2802 466 2863 abscidit?
504 2822 569 2862 non
600 2812 648 2863 est
671 2801 723 2862 illa
744 2803 805 2877 ira,
836 2803 894 2863 sed
924 2803 1038 2863 misera
1068 2802 1196 2862 curatio.
1242 2799 1374 2862 rabidos
1404 2800 1447 2863 es-

218 2907 353 2988 fligimus
384 2927 479 2970 canes
510 2916 542 2969 et
573 2918 693 2970 trucem
725 2917 820 2990 atque
858 2909 1090 2969 inmansuetum
1121 2907 1240 2968 bouem
1254 2912 1258 2924 '
1272 2908 1448 2970 occidimus

177 3037 202 3077 rr
217 3023 250 3076 et
280 3014 433 3076 morbidis
464 3014 647 3095 pecoribuS,
678 3035 718 3075 ne
749 3035 881 3095 gregem
904 3013 1063 3095 polluant,
1095 3013 1210 3075 ferrum
1243 3013 1448 3076 demittimus,

216 3128 421 3201 portentosos
437 3121 517 3182 setus
534 3122 755 3202 extinguimus,
778 3120 893 3182 liberos
909 3142 1044 3202 quoque,
1067 3120 1092 3182 si
1114 3119 1235 3181 debiles
1259 3107 1446 3184 monstrosi-

216 3247 278 3308 que
301 3227 376 3287 editi
400 3235 488 3301 sunt,
521 3227 700 3307 mergimus.
745 3247 805 3288 nec
827 3228 889 3301 ira,
922 3229 979 3288 sed
1003 3229 1083 3289 ratio
1107 3236 1155 3310 est
1179 3246 1198 3286 a
1220 3226 1303 3287 sanis
1327 3227 1450 3292 inutilia

216 3352 388 3394 secernere.
432 3331 473 3392 nil
497 3333 598 3393 minus
621 3316 716 3413 quam
739 3334 828 3395 irasci
851 3318 1032 3414 punientem
1057 3334 1158 3406 decet,
1178 3351 1254 3392 cum
1278 3352 1317 3393 eo
1342 3335 1482 3416 magis3

216 3440 257 3499 ad
289 3437 545 3499 emendationem
576 3459 681 3519 poena
713 3439 870 3520 proficiat,
905 3441 930 3501 si
960 3440 1073 3501 iudicio
1104 3438 1168 3499 lata
1200 3446 1248 3499 est
1279 3442 1448 3504 sententia

176 3566 201 3606 au
216 3544 288 3606 inde
320 3553 383 3619 est,
414 3547 502 3625 quod
526 3545 675 3607 Socrates
698 3566 790 3606 seruo
822 3547 882 3606 ait:
917 3547 1084 3607 caederem
1116 3554 1165 3620 te,
1196 3544 1254 3604 nisi
1286 3546 1449 3612 irascerer.

216 3651 466 3712 admonitionem
499 3652 580 3712 serui
612 3652 643 3711 in
674 3661 799 3731 tempus
838 3653 941 3712 sanius
974 3651 1107 3727 distulit,
1146 3651 1197 3714 illo
1231 3662 1380 3734 tempore
1412 3675 1449 3717 se

215 3758 398 3819 admonuit:
433 3759 518 3818 cuius
549 3759 607 3820 erit
640 3758 727 3837 [tam]
767 3766 960 3839 temperatus
992 3757 1146 3835 adiectus,
1186 3780 1257 3821 cum
1290 3757 1448 3823 Socrates

215 3884 278 3924 non
303 3865 341 3924 sit
365 3884 457 3924 ausus
481 3884 516 3925 se
539 3865 602 3925 irae
627 3865 845 3924 committere?
1265 3867 1268 3871 ’

216 4074 311 4140 linqd
388 4081 524 4138 teoprastus
603 4071 706 4125 Nomen
725 4073 816 4125 emisit
838 4071 982 4126 Taruisina
1058 4075 1202 4132 daffectib;
1282 4077 1313 4125 sit
1332 4074 1449 4131 addidit

495 4156 508 4182 n

216 4195 297 4250 Gertz
388 4196 532 4262 4peccatis
632 4195 725 4260 89cus
744 4196 793 4262 (ex
812 4194 947 4264 efretum
966 4204 1008 4252 est
1025 4199 1051 4262 q)
1143 4199 1177 4251 12
1196 4205 1304 4266 npsequ
1410 4202 1448 4257 24

214 4324 273 4387 adq3
354 4321 388 4373 26
408 4323 503 4386 debiles
574 4289 722 4387 monstrosiq:
746 4321 764 4387 (1
780 4319 848 4389 fort.
869 4337 902 4373 m.
917 4320 975 4389 pr.)
1049 4321 1082 4374 29
1101 4323 1161 4390 lata]
1181 4325 1295 4388 inrogata
1315 4320 1446 4396 Madvig,

166 4461 173 4480 Ι
213 4412 289 4460 inlata
304 4408 386 4463 Gertz
449 4412 568 4460 sententia
587 4408 694 4462 addidit
714 4407 790 4462 lr'oelt
860 4409 894 4462 32
914 4419 964 4458 tam
984 4425 1035 4465 om.
1056 4408 1105 4477 13¹,
1125 4412 1175 4460 iam
1197 4409 1280 4464 Gertz
1342 4415 1448 4465 affectus
