3046 5092
467 297 622 339 ACCIDAN‘l'
642 298 705 339 CVM
724 297 930 339 PROVIDENTlA
949 298 1002 340 SIT.
1024 297 1064 340 111.
1362 303 1379 363 7

95 442 98 500 ἶ
143 445 207 507 tlte
234 444 281 526 qui
313 443 418 524 legem
444 443 622 506 Corneliam
646 443 723 508 tulit.
774 444 935 506 ueniamus
959 446 1000 506 ad
1025 442 1202 524 Regulum:
1238 445 1314 525 quid
1339 443 1404 534 illi¹

161 550 277 613 fortuna
299 550 414 625 nocuit,
438 552 525 631 quod
549 549 634 612 illum
659 553 887 612 documentum
904 551 985 625 fidei,
1010 552 1237 612 documentum
1260 551 1379 632 patien-

156 659 208 719 tiae
250 657 335 719 fecit?
386 657 487 736 figunt
522 665 626 718 cutem
659 657 736 718 claui
768 667 800 719 et
833 677 1036 737 quocumque
1067 656 1233 737 fatigatum
1266 678 1379 737 corpus

150 764 326 839 reclinauit,
357 763 477 825 uolneri
508 764 674 838 incumbit,
707 765 735 824 in
760 769 946 844 perpetuam
972 762 1107 843 uigiliam
1131 784 1284 844 suspensa
1306 774 1378 827 sunt

145 871 281 933 lumina:
324 879 444 951 quanto
474 869 544 951 plus
576 871 726 932 tormenti
757 879 847 932 tanto
879 870 949 952 plus
979 871 1036 932 erit
1059 870 1186 949 gloriae.
1232 870 1279 932 uis
1302 872 1379 933 scire
1403 894 1419 932 a

143 997 247 1058 quarn
276 997 342 1038 non
367 978 525 1057 paeniteat
548 976 611 1037 hoc
633 977 741 1056 pretio·
759 977 942 1037 aestimasse
968 977 1133 1038 uirtutem?
1174 976 1271 1056 refige
1293 977 1378 1038 illum

104 1095 128 1147 10
144 1093 168 1171 et
196 1085 298 1146 mitte
329 1083 359 1144 in
383 1092 545 1144 senatum:
585 1084 719 1144 eandem
748 1083 936 1144 sententiam
960 1084 1053 1145 dicet.
1108 1081 1276 1144 feliciorem
1301 1105 1379 1164 ergo

141 1200 167 1251 tu
208 1191 435 1252 Maecenatem
476 1197 581 1269 putas,
621 1190 669 1250 cui
701 1190 860 1262 amoribus
891 1190 988 1251 anxio
1029 1198 1060 1250 et
1093 1210 1240 1251 morosae
1270 1192 1379 1252 uxoris

142 1296 308 1358 cotidiana
340 1297 470 1376 repudia
501 1295 629 1357 deflenti
653 1316 783 1357 somnus
808 1317 865 1376 per
887 1288 1150 1377 symphoniarum
1183 1305 1310 1357 cantum
1335 1318 1377 1359 ex

143 1402 323 1483 longinquo
360 1401 430 1462 lene
461 1403 673 1464 resonantium
706 1404 884 1482 quaeritur?
925 1423 1013 1463 mero
1045 1423 1079 1464 se
1110 1401 1180 1464 licet
1211 1403 1314 1483 sopiat
1345 1413 1417 1467 etro
1490 1397 1496 1418 '

144 1527 299 1586 aquarum
333 1508 509 1589 fragoribus
540 1521 654 1570 auocet
682 1518 713 1570 et
738 1507 821 1570 mille
845 1508 1067 1589 uoluptatibus.
1084 1519 1224 1570 mentem
1249 1509 1377 1571 anxiam

144 1612 242 1690 fallat,
266 1624 333 1676 tam
358 1614 500 1694 uigilabit
523 1615 553 1675 in
577 1614 685 1695 pluma
707 1635 803 1695 quam
828 1615 877 1676 ille
901 1615 931 1675 in
948 1636 1049 1677 cruce.
1096 1618 1153 1676 sed
1170 1615 1209 1675 illi
1226 1616 1376 1677 solacium

145 1729 186 1780 est
227 1743 286 1803 pro
319 1722 455 1783 honesto
487 1722 566 1782 dura
593 1719 728 1782 tolerare
759 1730 791 1782 et
815 1723 856 1782 ad
880 1741 1006 1782 causam
1031 1742 1049 1782 a
1072 1722 1221 1802 patientia
1244 1722 1376 1804 respioit,

145 1825 232 1890 hunc
263 1827 480 1908 uoluptatibus
512 1828 685 1888 marcidum
710 1838 742 1890 et
765 1826 911 1889 felicitate
934 1827 1029 1889 nimia
1052 1828 1248 1890 laborantem
1276 1830 1376 1908 magis

110 1935 131 1986 tt
145 1931 185 1992 his
207 1955 294 2016 quae
310 1935 426 2015 patitur
442 1943 539 1995 uexat
555 1954 650 1994 causa
664 1934 811 2015 patiendi.
852 1955 916 1995 non
932 1955 1031 2014 usque
1047 1919 1086 1996 eo
1103 1935 1375 2017 inpossessionem
1393 1956 1416 1995 rs

145 2042 271 2116 generis
302 2041 431 2102 humani
461 2040 536 2102 uitia
566 2049 737 2115 uenerunt,
769 2050 803 2102 ut
834 2040 964 2101 dubium
996 2042 1050 2116 sit,
1083 2062 1122 2102 an
1147 2039 1298 2103 electione
1322 2040 1375 2103 fati

145 2145 224 2208 data
253 2148 358 2229 plures
390 2147 474 2207 nasci
505 2144 619 2226 Reguli
649 2165 745 2226 quam
778 2147 980 2207 Maecenates
1012 2147 1116 2208 uelint.
1168 2158 1221 2210 aut
1252 2151 1277 2210 si
1307 2149 1376 2230 quis
1460 2148 1462 2152 ’

144 2248 254 2329 fuerit,
290 2255 342 2334 qui
374 2253 490 2314 audeat
522 2253 624 2313 dicere
655 2252 874 2314 Maecenatem
905 2273 940 2314 se
971 2273 1067 2333 quam
1100 2254 1258 2334 Regulum
1290 2257 1375 2316 nasci

108 2356 130 2408 12
143 2359 301 2437 maluisse,
325 2363 411 2424 idem
427 2361 500 2434 iste,
524 2370 629 2424 taceat
651 2359 731 2434 licet,
755 2362 840 2422 nasci
865 2381 899 2422 se
922 2360 1103 2423 Terentiam
1128 2361 1245 2423 maluit.
1292 2360 1375 2423 male

142 2470 315 2531 tractatum
339 2466 507 2531 Socratem
531 2468 657 2541 iudicas
681 2469 769 2547 quod
793 2467 877 2529 illam
901 2467 1065 2548 potionem
1092 2466 1216 2548 publice
1240 2469 1374 2530 mixtam
1390 2488 1415 2524 u

141 2588 208 2632 non
236 2574 324 2636 aliter
347 2595 442 2654 quam
468 2575 734 2635 medicamentum
758 2573 989 2636 inmortalitatis
1012 2574 1149 2635 obduxit
1166 2573 1254 2635 etde
1271 2584 1374 2636 morte

140 2674 318 2758 disputauit
341 2700 441 2761 usque
465 2681 506 2740 ad
529 2681 650 2761 ipsam?
683 2680 765 2742 male
789 2700 860 2741 cum
877 2680 929 2741 illo
946 2690 1052 2742 actum
1069 2691 1126 2756 est,
1149 2679 1235 2761 quod
1251 2679 1374 2761 gelatus

140 2789 185 2843 est
226 2788 349 2867 sanguis
380 2807 417 2848 ac
449 2785 599 2867 paulatim
630 2786 745 2867 frigore
768 2787 897 2848 inducto
921 2807 1072 2848 uenarum
1103 2787 1193 2867 uigor
1217 2787 1373 2849 constitit?

103 2887 125 2939 13
140 2903 267 2966 quanto
302 2894 406 2974 magis
442 2893 514 2966 huic
551 2892 754 2954 inuidendum
792 2902 839 2955 est
875 2913 971 2974 quam
1007 2891 1063 2954 illis
1094 2893 1208 2974 quibus
1245 2911 1375 2972 gemma

140 2993 354 3075 ministratur,
385 3000 499 3080 quibus
531 2998 677 3061 exoletus
708 3000 815 3061 omnia
837 3001 902 3080 pati
926 3001 1040 3061 doctus
1068 3010 1201 3061 exectae
1224 2999 1374 3062 uirilitatis
1389 3020 1415 3056 n

141 3108 198 3161 aut
236 3106 347 3168 dubiae
377 3126 564 3187 suspensam
596 3127 673 3168 auro
704 3107 807 3168 niuem
842 3106 949 3168 diluit?
988 3105 1019 3167 hi
1047 3106 1200 3186 quidquid
1229 3106 1376 3168 biberunt

143 3213 269 3275 uomitu
307 3214 511 3276 remetientur
550 3214 654 3275 tristes
693 3224 725 3275 et
757 3213 852 3274 bilem
883 3234 973 3275 suam
1010 3221 1225 3294 regustanteS,
1263 3222 1296 3274 at
1325 3211 1375 3274 ille

109 3314 132 3367 u
147 3331 304 3381 uenenum
328 3319 429 3382 laetus
453 3328 485 3381 et
508 3319 608 3381 libens
623 3320 754 3381 hauriet.
792 3321 881 3400 quod
898 3322 939 3382 ad
956 3319 1111 3382 Catonem
1133 3319 1277 3402 pertinet,
1300 3321 1375 3382 satis

151 3419 268 3488 dictum
284 3436 332 3488 est
348 3447 571 3508 summamque
587 3426 627 3487 illi
643 3426 821 3489 felicitatem
835 3427 1008 3517 'contigisse
1025 3446 1195 3488 consensus
1211 3425 1375 3489 hominum
1414 3421 1420 3433 '
1504 3435 1508 3442 '

155 3527 302 3595 fatebitur.
353 3513 449 3614 quem
486 3532 543 3594 sibi
567 3517 678 3594 'rerum
710 3542 822 3594 natura
857 3532 976 3614 delegit
1006 3553 1078 3594 cum
1109 3553 1174 3614 quo
1204 3535 1416 3597 metuendam

160 3635 329 3703 conlideret.
389 3640 564 3701 inimicitiae
595 3640 771 3719 potentium
804 3659 917 3720 graues
940 3648 1032 3701 sunt:
1073 3649 1253 3721 opponatur
1284 3639 1375 3702 simul

163 3741 310 3826 Pompeio,
335 3746 470 3820 Caesari,
495 3746 618 3808 Crasso
657 3766 754 3826 graue
777 3757 825 3810 est
849 3767 868 3807 a
887 3745 1095 3809 deterioribus
1111 3745 1233 3808 honore
1248 3746 1372 3809 anteiri:

170 3882 361 3896 κ’...-

234 3905 237 3913 ι

171 3971 344 4026 ἳᾶοοιιιῇωηι·
363 3977 480 4042 patientie
500 3976 585 4041 (uidet
605 3977 747 4026 documtum
766 3992 806 4026 τη.
825 3979 839 4026 2
860 3975 887 4027 in
906 3974 1039 4044 marqt'nel
1131 3975 1147 4027 4
1167 3976 1257 4024 uulneri
1283 3975 1375 4024 incubit

243 4065 381 4129 inppetuum
460 4067 475 4116 ti
495 4066 619 4114 estimasse
693 4067 768 4130 refige
786 4061 891 4118 sodalis
910 4061 1024 4117 Gertzt'i:
1047 4065 1119 4114 refice
1188 4066 1374 4117 &meceuatem

244 4135 325 4203 ancxio
399 4154 426 4206 iu
440 4153 563 4222 maraine
576 4155 634 4207 Μ
648 4171 760 4216 morose.
775 4155 869 4219 uulgari
881 4170 994 4203 sermone
1008 4155 1114 4217 muriose
1128 4153 1314 4218 (murmuriosae
1328 4153 1351 4219 ?)
1365 4152 1375 4201 l

171 4257 300 4309 amaricatae
388 4260 418 4312 10
431 4261 535 4325 queritur
623 4262 653 4312 1⁴2
667 4261 777 4325 uigilauit
862 4260 892 4313 19
906 4261 971 4309 idem
986 4237 1028 4279 ³⁵²⁰
1117 4260 1150 4310 2²6
1169 4259 1284 4323 quicquid

168 4397 197 4453 2?
212 4358 357 4452 remetierndut
431 4402 463 4454 31
484 4403 611 4452 inimicitie
631 4403 655 4466 (e
674 4407 758 4467 corr.)
832 4404 865 4455 32
885 4403 978 4451 honore
998 4402 1024 4467 (ο
1044 4397 1133 4453 altera
1152 4413 1189 4452 ex
1209 4400 1321 4466 eoorr.)
