3046 5092
455 993 456 996 γ
478 929 508 994 u.
538 927 680 994 annin
699 897 869 992 'sunnon
1115 986 1120 997 .

294 1077 734 1173 DIALOGORVM
754 1076 964 1183 >LIBER
990 1077 1049 1180 V.

554 1289 602 1336 AD
622 1286 796 1336 NOVATVM

593 1432 654 1489 DE
677 1432 756 1488 IRA

566 1583 714 1618 LIBER
746 1583 782 1618 111.

27 1848 40 1897 1
149 1841 171 1900 Ι.
223 1805 322 1902 Quod
335 1841 678 1913 maximedesiderasti,
691 1839 827 1914 Nouate,
843 1849 925 1901 nunc'
937 1839 1040 1902 facere
1053 1842 1289 1922 temptabimus
1339 1868 1342 1871 ·

64 1948 137 2009 iram
162 1949 310 2009 excidere
334 1948 450 2009 animis'
467 1956 522 2008 aut
553 1956 638 2008 certe
669 1945 825 2008 refrenare
849 1957 880 2009 et
904 1948 1027 2028 inpetus
1052 1949 1116 2009 eius
1139 1948 1288 2010 inhibere.

63 2054 93 2115 id
115 2054 285 2135 aliquando
310 2054 414 2136 palam
440 2063 611 2135 aperteque
641 2052 818 2115 faciendum
851 2063 914 2129 est,
945 2054 998 2116 ubi
1023 2056 1124 2117 minor
1147 2057 1193 2116 uis
1216 2055 1289 2116 mali

62 2163 191 2242 patitur,
222 2161 391 2243 aliquando
415 2181 458 2221 ex
481 2159 622 2230 occult0‚
654 2160 707 2220 ubi
730 2161 860 2228 nimium
884 2163 975 2223 ardet
999 2162 1147 2243 omnique
1169 2161 1285 2242 inpedi-

63 2277 169 2331 mento
209 2278 415 2349 exasperatur
453 2277 485 2329 et
524 2268 641 2347 crescit.
703 2266 798 2329 refert
836 2276 969 2349 quantas
1010 2269 1090 2330 uires
1129 2289 1288 2350 quamque
1316 2294 1329 2330 s

62 2375 196 2456 integras
219 2375 346 2448 habeat,
370 2384 473 2435 utrum
497 2374 730 2435 reuerberanda
753 2383 786 2436 et
809 2377 933 2455 agenda
955 2385 1040 2437 retro
1057 2376 1096 2437 sit
1119 2396 1159 2437 an
1175 2375 1288 2437 cedere

62 2483 88 2543 ei
117 2482 308 2556 debeamus,
348 2483 424 2542 dum
455 2490 630 2562 tempestas
660 2470 761 2562 prima
794 2482 948 2555 desaeuit‚
980 2502 1020 2543 ne
1050 2483 1191 2544 remedia
1221 2483 1289 2564 ipsa

10 2586 36 2640 2
62 2609 168 2650 secum
199 2588 286 2650 ferat.
334 2587 495 2649 consilium
531 2608 589 2669 pro
629 2587 769 2649 moribus
808 2589 955 2671 cuiusque
995 2589 1181 2670 capiendum
1221 2589 1287 2650 erit.

61 2697 217 2776 quosdam
241 2697 323 2756 enirn
348 2715 458 2775 preces
482 2696 617 2756 uincunt.
662 2695 791 2774 quidam
822 2695 971 2771 insultant
1000 2695 1179 2777 instantque
1202 2717 1285 2757 surn-

62 2802 168 2863 missis.
215 2803 373 2883 quosdam
390 2803 538 2862 terrendo
563 2800 766 2882 placabimus.
813 2799 890 2862 alios
908 2802 1094 2881 obiurgatio
1118 2802 1195 2863 alios
1212 2823 1284 2863 con·
1305 2823 1328 2863 ru

60 2907 161 2983 fessio
194 2908 271 2970 alios
301 2910 405 2993 pudor
437 2918 553 2990 coepto
585 2909 712 2981 deiciet,
736 2906 813 2968 alios
837 2928 944 2982 mora,
967 2907 1087 2970 lentum
1110 2909 1287 2989 praecipitis

11 3012 37 3064 3
62 3013 132 3076 mali
157 3015 341 3101 remedium,
364 3007 407 3076 ad
430 3016 516 3095 quod
534 3015 703 3075 nouissime
722 3014 981 3077 descendendum
998 3024 1053 3075 est.
1092 3015 1186 3077 ceteri
1204 3017 1285 3077 enim

62 3120 202 3183 adfectus
226 3120 409 3182 dilationem
433 3121 584 3203 recipiunt
608 3130 640 3182 et
663 3122 762 3181 curari
795 3121 913 3182 tardius
936 3129 1087 3204 possunt:
1120 3122 1211 3183 huius
1241 3123 1285 3183 in-

62 3229 156 3290 citata
179 3238 211 3289 et
234 3248 269 3289 se
292 3228 359 3309 ipsa
381 3229 504 3310 rapiens
521 3226 667 3289 uiolentia
691 3248 754 3288 non
780 3227 933 3308 paulatim·
954 3228 1105 3309 procedit,
1130 3229 1186 3290 sed
1210 3231 1285 3290 dum

61 3336 172 3416 incipit,
198 3343 267 3395 tota
290 3343 346 3396 est.
385 3354 443 3395 nec
467 3334 597 3395 alioruin
622 3354 712 3394 more
735 3334 881 3396 uitiorum
905 3334 1050 3396 sollicitat
1073 3336 1203 3410 animos
1228 3337 1286 3396 sed
1304 3356 1327 3394 15

61 3441 188 3503 abducit
212 3450 243 3501 et
267 3441 445 3520 inpotentes
468 3442 514 3500 sui
538 3442 733 3522 cupidosque
756 3439 806 3501 uel
837 3442 1014 3502 communis
1038 3441 1112 3502 mali
1135 3443 1285 3522 exagitat,

62 3549 171 3609 necin
196 3567 233 3608 ea
257 3557 380 3609 tantum
411 3549 441 3608 in
465 3567 547 3627 quae
577 3547 760 3620 destinauit,
793 3548 849 3609 sed
879 3549 910 3609 in
941 3549 1137 3609 occurrentia
1160 3549 1204 3608 ob
1224 3549 1286 3610 'iter

22 3653 138 3716 4furit.
185 3664 290 3715 cetera
331 3655 403 3715 uitia
442 3654 592 3734 inpellunt
631 3656 771 3715 animos:
813 3655 858 3716 ira
894 3655 1087 3735 praecipitat.
1134 3655 1229 3716 etiarn
1261 3658 1286 3716 si

62 3763 203 3823 resistere
228 3770 337 3821 contra
368 3760 510 3821 adfectus
541 3780 624 3821 suos¹
646 3781 710 3821 non
734 3760 818 3834 licet,
850 3770 882 3822 at
906 3769 991 3822 certe
1014 3759 1188 3822 adfectibus
1211 3762 1285 3841 ipsis

62 3867 130 3929 licet
154 3877 253 3928 stare:
288 3866 367 3928 haec
398 3887 463 3927 non
493 3887 583 3927 secus
607 3887 702 3947 quarn
726 3866 855 3928 fulmina
876 3866 1096 3948 procellaeque
1120 3876 1152 3928 et
1175 3867 1199 3928 si
1223 3887 1285 3948 qua
1299 3883 1325 3924 20

62 4079 199 4144 ‘dimpetus
284 4050 498 4130 ti'reuerberanda
516 4076 682 4147 Heusinper:
704 4080 890 4128 neuerberanda
958 4078 1131 4144 ,ninstantffi
1154 4077 1178 4144 (;
1200 4078 1282 4143 corr.)

138 4169 169 4219 ll
190 4169 279 4217 deiciet
298 4165 389 4220 Isocfr:
411 4168 499 4215 deiecit
588 4166 616 4218 13
637 4169 736 4216 affectus
756 4167 850 4236 (prior
868 4168 880 4214 f
896 4167 979 4232 corr.)
1061 4165 1093 4218 17
1112 4169 1145 4215 ob
1165 4168 1209 4215 iter
1228 4168 1285 4216 furit

62 4289 169 4354 Μᾱῐῖεν,
189 4293 270 4341 obiter
289 4293 344 4340 furit
363 4289 460 4358 sculpo:
482 4292 525 4339 obi
545 4249 624 4339 tensuit
706 4292 736 4341 la
755 4292 885 4355 precipitat
905 4288 1026 4357 (uidetur
1042 4288 1133 4357 fuisse
1152 4290 1204 4356 ant)

64 4381 92 4431 lll
111 4384 210 4430 affectus
284 4382 410 4429 affectibus
