3046 5092
322 337 457 380 manat.
486 338 824 381 ADHELVIAllllllATREM
841 341 882 381 DE
896 341 1138 384 CONSOLATIONE.
1170 344 1201 384 12.
1259 320 1264 330 ”
1310 346 1370 409 261

140 484 277 547 notabis
313 485 465 546 tristiores
500 484 756 567 sollicitioresque
792 486 958 549 diuitibus:
999 488 1098 549 immo
1128 489 1233 549 nescio
1264 507 1305 550 an
1335 508 1375 549 eo

142 592 293 654 laetiores
306 592 378 665 sint,
394 611 459 672 quo
475 593 596 654 animus
611 592 735 654 illorum
750 594 779 654 in
792 595 941 674 pauciora
954 594 1156 673 distringitur.
1179 604 1375 656 transeamus

124 707 311 778 pauperes
325 707 421 776 saepe
431 717 495 759 non
509 698 642 759 artiseros
654 699 698 760 ob
706 709 940 779 paupertatem,
955 700 1118 762 ueniamus
1131 701 1172 762 ad
1182 699 1371 781 locupletes:
1399 704 1408 717 ⁸

147 825 243 886 quam
267 803 367 866 multa
389 813 536 887 tempora
556 815 636 879 sunt,
661 806 774 886 quibus
795 806 985 888 pauperibus
1000 805 1116 868 similes
1131 807 1212 868 sint?
1243 807 1372 868 circum-

146 914 228 974 cisae
252 920 326 973 sunt
349 912 613 992 peregrinantium
638 913 777 974 sarcinae
800 922 832 975 et
856 913 1002 994 quotiens
1018 912 1249 975 festinationem
1266 930 1401 975 neces-5

146 1022 220 1081 sitas
245 1019 360 1099 itineris
383 1021 507 1098 exegit,
537 1019 688 1080 comitum
713 1019 806 1081 turba
831 1021 1004 1082 dimittitur.
1051 1019 1219 1082 militantes
1242 1029 1374 1100 quotam

147 1135 272 1208 partem
310 1145 414 1186 rerum
450 1145 576 1187 suarum
608 1146 715 1188 secum
747 1126 883 1199 habent,
922 1146 992 1187 curn
1025 1146 1154 1187 omnem
1186 1127 1373 1207 adparatum

96 1236 119 1290 3
147 1232 315 1294 castrensis
339 1230 500 1312 disciplina
523 1237 743 1295 summoueat?
776 1253 834 1294 nec
857 1241 979 1294 tanturn
1004 1232 1149 1294 condicio
1165 1232 1234 1294 illos
1249 1242 1373 1313 tempo-

147 1358 216 1400 rum
249 1346 303 1399 aut
333 1336 477 1399 locorum
509 1339 614 1419 inopia
640 1339 829 1419 pauperibus
852 1347 1029 1420 exaequat:
1064 1347 1193 1400 sumunt
1215 1340 1373 1419 quosdam

147 1445 228 1519 dies,
253 1464 326 1506 cum
349 1446 411 1506 iarn
436 1443 504 1504 illos
528 1445 705 1507 diuitiarum
730 1446 870 1506 taedium
894 1447 991 1525 cepit,
1015 1445 1127 1526 quibus
1150 1444 1236 1506 humi
1260 1453 1374 1507 cenent
1390 1462 1414 1501 ιο

147 1559 178 1612 et
209 1560 338 1613 remoto
368 1571 446 1612 auro
477 1560 674 1631 argentoque
705 1550 849 1613 fictilibus
880 1561 1014 1612 utantur.
1077 1553 1263 1613 dementes!
1312 1551 1374 1613 hoc

147 1659 235 1739 quod
259 1657 428 1739 aliquando
451 1659 684 1738 concupiscunt,
707 1678 833 1738 semper
856 1659 976 1720 timent.
1013 1679 1034 1719 o
1055 1666 1173 1738 quanta
1188 1657 1256 1719 illos
1272 1657 1374 1738 caligo

148 1765 318 1839 mentium,
349 1773 467 1845 quanta
497 1765 674 1844 ignorantia
704 1765 846 1830 ueritatis
873 1773 1019 1838 exercet,
1051 1765 1107 1845 qui
1127 1764 1267 1843 fugiunt
1286 1765 1374 1845 quod
1456 1760 1458 1764 ⁴

118 1879 130 1931 l
148 1871 320 1954 uoluptatis
336 1890 431 1932 causa
445 1872 620 1933 imitantur!
651 1891 703 1933 me
719 1872 846 1951 quidem
863 1871 1009 1951 quotiens
1024 1872 1065 1931 ad
1081 1871 1210 1951 antiqua
1225 1870 1376 1951 exempla

147 1979 283 2060 respexi,
307 1979 502 2064 paupertatis
525 1979 568 2039 uti
592 1977 713 2039 solaciis
737 1979 844 2058 pudet,
868 1979 1017 2060 quoniam
1042 1978 1170 2059 quidem
1193 1997 1233 2039 eo
1248 1987 1373 2059 tempo.
1391 1994 1415 2033 u

148 2105 217 2148 rum
248 2084 372 2148 luxuria
401 2083 550 2165 prolapsa
579 2093 644 2158 est,
675 2094 709 2146 ut
740 2084 839 2146 maius
868 2085 1014 2145 uiaticum
1040 2084 1168 2145 exulum
1193 2085 1247 2158 sit,
1278 2103 1373 2163 quam

147 2192 223 2255 olim
254 2192 480 2272 patrimonium
511 2192 684 2272 principum
716 2189 780 2252 suit.
827 2210 923 2251 unum
953 2189 1046 2252 fuisse
1070 2190 1215 2252 Homero
1240 2208 1374 2262 seruum,

147 2308 211 2362 tres
238 2297 380 2372 Platoni,
411 2296 530 2359 nullum
555 2297 690 2371 Zenoni,
722 2318 741 2358 a
770 2317 834 2377 quo
867 2297 971 2378 coepit
995 2295 1177 2358 Stoicorum
1208 2296 1308 2376 rigida
1338 2316 1375 2358 ac

146 2404 240 2468 uirilis
271 2406 438 2485 sapientia,
469 2405 544 2465 satis
575 2413 707 2465 constat.
762 2423 837 2464 num
870 2423 947 2483 ergo
979 2403 1144 2484 quisquam
1176 2422 1231 2463 eos
1263 2402 1374 2463 misere

146 2512 265 2574 uixisse
295 2512 395 2585 dicet,
427 2521 461 2573 ut
489 2531 553 2572 non
582 2511 648 2592 ipse
672 2511 862 2572 miserrimus
886 2509 929 2570 ob
954 2508 1016 2571 hoc
1039 2509 1185 2571 omnibus
1210 2508 1373 2570 uideatur?
1388 2524 1414 2564 20

113 2619 314 2681 oMenenius
337 2618 498 2700 Agrippa,
529 2613 593 2698 qui¹
613 2619 692 2683 inter
723 2626 828 2698 patres
859 2635 896 2677 ac
927 2615 1054 2697 plebem
1084 2615 1227 2696 publicae
1255 2615 1375 2694 gratiae

146 2735 313 2807 sequester
335 2724 406 2799 fuit,
436 2744 508 2786 aere
532 2723 658 2786 conlato
683 2722 841 2784 funeratus
866 2731 920 2784 est.
967 2721 1098 2784 Attilius
1122 2721 1276 2802 ReguluS,
1302 2740 1373 2782 cum

147 2833 276 2894 Poenos
299 2834 329 2894 in
352 2830 462 2892 Africa
484 2829 638 2904 funderet,
661 2831 703 2891 ad
719 2839 863 2891 senatum
880 2829 1002 2909 scripsit
1018 2828 1265 2890 mercennarium
1282 2846 1373 2888 suum

147 2938 330 3001 discessisse
352 2947 384 2999 et
408 2937 449 2998 ab
473 2957 512 2998 eo
537 2938 697 2997 desertum
718 2956 787 2997 esse
803 2957 863 3008 rus,
887 2935 975 3014 quod
991 2933 1251 3015 senatui'publice
1265 2934 1374 3007 curari,

147 3046 226 3108 dum
258 3043 384 3106 abesset
406 3042 564 3124 Regulus,
594 3042 728 3124 placuit:
762 3040 859 3102 fuitne
889 3041 967 3102 tanti
997 3060 1123 3103 seruum
1156 3061 1219 3102 non
1247 3039 1373 3114 habere,
1388 3056 1413 3096 as

109 3161 126 3213 6
148 3162 184 3214 ut
207 3142 340 3214 colonus
363 3151 429 3212 eius
451 3149 586 3231 populus
601 3150 766 3211 Romanus
790 3151 895 3210 esset?
926 3146 1080 3230 Scipionis
1099 3147 1180 3209 filiae
1196 3168 1237 3209 ex
1254 3147 1373 3208 aerario

148 3349 363 3358 .—.-—-————

136 3508 162 3559 “1
184 3524 214 3558 eo
233 3506 332 3556 letiores
352 3504 393 3571 (eo
411 3504 435 3553 le
452 3501 479 3555 t'n
499 3517 571 3560 ras.;
590 3500 653 3570 suit,
673 3507 701 3553 ut
719 3500 838 3565 uidetur,
858 3520 887 3552 eo
906 3502 955 3568 lae)
1075 3503 1091 3554 2
1115 3519 1164 3566 quo
1185 3499 1287 3570 Neap.:
1308 3504 1374 3567 quod

288 3593 438 3657 distringitur
456 3590 621 3645 deteriores:
643 3590 779 3656 destringit·
909 3597 1059 3640 transeamus
1083 3607 1203 3655 pauperes
1227 3607 1301 3655 saepe
1325 3607 1374 3640 non

149 3689 252 3736 miseros
271 3685 305 3732 ob
325 3686 508 3747 paupertatem,
533 3681 658 3730 ueniamus
678 3677 754 3733 Koch
774 3680 934 3745 (transeamus
953 3696 1013 3744 opes
1034 3695 1112 3745 paene
1131 3681 1226 3744 inopes,
1250 3681 1375 3729 ueniamus

148 3772 290 3842 Maduiq):
313 3778 443 3828 transeam
465 3787 511 3836 ape
528 3787 572 3834 spe
590 3786 640 3818 non
659 3770 818 3818 obueniamus
837 3767 897 3822 cod.
918 3765 1056 3838 Madut'qt't'
1073 3767 1151 3822 lectio
1171 3767 1278 3821 inanem
1295 3766 1376 3821 habet

148 3861 324 3918 sententiam
345 3875 417 3928 quaa
434 3859 493 3928 ipsa
506 3858 592 3928 posui
608 3855 704 3910 saltem
722 3855 842 3926 iatallaqi
856 3863 972 3926 possunt
1061 3856 1078 3908 4
1104 3865 1215 3922 tempora
1233 3864 1287 3907 sunt
1305 3854 1375 3920 aad,

1244 3957 1267 3983 ΓΕ

147 4012 201 4056 sunt
221 4012 334 4068 tempora
354 4017 414 4055 cum
432 3999 593 4054 editionibus
611 3998 775 4067 quibusdam
793 3997 986 4053 :tatustioribus
1005 3997 1100 4052 Haase
1192 3999 1207 4051 7
1227 4006 1285 4050 rurs:

148 4099 296 4159 apparatum
441 4090 473 4143 13
499 4092 540 4155 qui
560 4090 653 4153 lugiunt
672 4090 737 4154 quod
757 4086 814 4140 Es,
840 4105 914 4152 quam
933 4086 993 4145 cod.
1011 4085 1105 4140 Possis
1123 4088 1202 4140 ctiam
1220 4090 1261 4152 qui
1281 4089 1374 4152 lugiunt

148 4224 318 4284 paupertatem
336 4233 410 4282 quarn
502 4213 535 4267 17
554 4215 693 4280 principit*
785 4213 817 4266 18
831 4215 895 4278 cepit
986 4212 1020 4263 20
1039 4189 1164 4268 miserrim3
1256 4211 1289 4263 22
1304 4211 1372 4259 suits

149 4377 206 4410 aere
225 4359 361 4408 corllalus
450 4358 540 4407 attilius
559 4357 612 4422 (atti
632 4357 659 4407 in
678 4357 744 4419 ras.)
835 4355 870 4407 24
888 4371 941 4404 esse
960 4312 1081 4418 russeiublis
1090 4354 1241 4423 (suprascr.
1256 4368 1291 4405 m.
1307 4352 1373 4418 rec.)

239 4448 338 4514 puplice
428 4444 462 4501 26
481 4449 520 4500 .P.
527 4447 558 4499 R.
648 4447 727 4494 erario
