<?xml version="1.0" encoding="UTF-8"?>
<!DOCTYPE html PUBLIC "-//W3C//DTD XHTML 1.0 Transitional//EN"
    "http://www.w3.org/TR/xhtml1/DTD/xhtml1-transitional.dtd">
<html xmlns="http://www.w3.org/1999/xhtml" xml:lang="en" lang="en">
 <head>
  <title>
</title>
<meta http-equiv="Content-Type" content="text/html;charset=utf-8" />
  <meta name='ocr-system' content='tesseract 3.04.00' />
  <meta name='ocr-capabilities' content='ocr_page ocr_carea ocr_par ocr_line ocrx_word'/>
</head>
<body>
  <div class='ocr_page' id='page_1' title='image "./lannaeisenecaed00vahlgoog_0282.png"; bbox 0 0 3046 5092; ppageno 0'>
   <div class='ocr_carea' id='block_1_1' title="bbox 339 346 1359 418">
    <p class='ocr_par' dir='ltr' id='par_1_1' title="bbox 339 346 1359 418">
     <span class='ocr_line' id='line_1_1' title="bbox 339 346 1359 418; baseline 0.004 -30"><span class='ocrx_word' id='word_1_1' title='bbox 339 348 419 390; x_wconf 82' lang='lat' dir='ltr'><strong>DlAL.</strong></span> <span class='ocrx_word' id='word_1_2' title='bbox 435 348 463 389; x_wconf 90' lang='lat' dir='ltr'><strong>X.</strong></span> <span class='ocrx_word' id='word_1_3' title='bbox 492 347 534 388; x_wconf 84' lang='lat' dir='ltr'><strong>AD</strong></span> <span class='ocrx_word' id='word_1_4' title='bbox 550 346 705 388; x_wconf 86' lang='lat' dir='ltr'>PAVLINVM</span> <span class='ocrx_word' id='word_1_5' title='bbox 720 348 759 388; x_wconf 88' lang='lat' dir='ltr'><strong>DE</strong></span> <span class='ocrx_word' id='word_1_6' title='bbox 775 348 943 388; x_wconf 79' lang='lat' dir='ltr'><strong>BREVITATE</strong></span> <span class='ocrx_word' id='word_1_7' title='bbox 957 349 1056 391; x_wconf 80' lang='lat' dir='ltr'><strong>VITAE.</strong></span> <span class='ocrx_word' id='word_1_8' title='bbox 1087 352 1118 392; x_wconf 75' lang='lat'><strong>18.</strong></span> <span class='ocrx_word' id='word_1_9' title='bbox 1136 352 1166 392; x_wconf 79' lang='lat'><strong>19.</strong></span> <span class='ocrx_word' id='word_1_10' title='bbox 1297 355 1359 418; x_wconf 69' lang='lat'><strong>243</strong></span> 
     </span>
    </p>
   </div>
   <div class='ocr_carea' id='block_1_2' title="bbox 95 492 1432 3242">
    <p class='ocr_par' dir='ltr' id='par_1_2' title="bbox 132 492 1389 1109">
     <span class='ocr_line' id='line_1_2' title="bbox 132 492 1361 577; baseline 0.002 -23"><span class='ocrx_word' id='word_1_11' title='bbox 132 493 309 555; x_wconf 87' lang='lat' dir='ltr'><strong>ministerio</strong></span> <span class='ocrx_word' id='word_1_12' title='bbox 340 492 515 555; x_wconf 86' lang='lat' dir='ltr'><strong>honorifico</strong></span> <span class='ocrx_word' id='word_1_13' title='bbox 545 495 672 574; x_wconf 90' lang='lat' dir='ltr'><strong>quidem</strong></span> <span class='ocrx_word' id='word_1_14' title='bbox 703 496 761 556; x_wconf 90' lang='lat' dir='ltr'><strong>sed</strong></span> <span class='ocrx_word' id='word_1_15' title='bbox 791 514 900 575; x_wconf 90' lang='lat' dir='ltr'><strong>parum</strong></span> <span class='ocrx_word' id='word_1_16' title='bbox 934 496 974 556; x_wconf 89' lang='lat' dir='ltr'><strong>ad</strong></span> <span class='ocrx_word' id='word_1_17' title='bbox 1006 495 1133 558; x_wconf 82' lang='lat' dir='ltr'><strong>beatam</strong></span> <span class='ocrx_word' id='word_1_18' title='bbox 1163 497 1260 557; x_wconf 88' lang='lat' dir='ltr'><strong>uitam</strong></span> <span class='ocrx_word' id='word_1_19' title='bbox 1283 505 1361 577; x_wconf 89' lang='lat' dir='ltr'><strong>apto</strong></span> 
     </span>
     <span class='ocr_line' id='line_1_3' title="bbox 134 601 1361 683; baseline 0.002 -22"><span class='ocrx_word' id='word_1_20' title='bbox 134 620 253 661; x_wconf 84' lang='lat' dir='ltr'><strong>reuoca</strong></span> <span class='ocrx_word' id='word_1_21' title='bbox 285 609 318 662; x_wconf 90' lang='lat' dir='ltr'><strong>et</strong></span> <span class='ocrx_word' id='word_1_22' title='bbox 349 601 455 680; x_wconf 86' lang='lat' dir='ltr'><strong>cogita</strong></span> <span class='ocrx_word' id='word_1_23' title='bbox 486 621 549 662; x_wconf 91' lang='lat' dir='ltr'><strong>non</strong></span> <span class='ocrx_word' id='word_1_24' title='bbox 581 601 612 661; x_wconf 95' lang='lat' dir='ltr'><strong>id</strong></span> <span class='ocrx_word' id='word_1_25' title='bbox 644 601 745 681; x_wconf 86' lang='lat' dir='ltr'><strong>egisse</strong></span> <span class='ocrx_word' id='word_1_26' title='bbox 775 608 808 661; x_wconf 89' lang='lat' dir='ltr'><strong>te</strong></span> <span class='ocrx_word' id='word_1_27' title='bbox 839 601 879 662; x_wconf 91' lang='lat' dir='ltr'><strong>ab</strong></span> <span class='ocrx_word' id='word_1_28' title='bbox 911 610 1015 663; x_wconf 89' lang='lat' dir='ltr'><strong>aetate</strong></span> <span class='ocrx_word' id='word_1_29' title='bbox 1043 603 1144 683; x_wconf 90' lang='lat' dir='ltr'><strong>prima</strong></span> <span class='ocrx_word' id='word_1_30' title='bbox 1167 604 1253 663; x_wconf 92' lang='lat' dir='ltr'><strong>omni</strong></span> <span class='ocrx_word' id='word_1_31' title='bbox 1277 602 1361 664; x_wconf 90' lang='lat' dir='ltr'><strong>cultu</strong></span> 
     </span>
     <span class='ocr_line' id='line_1_4' title="bbox 135 705 1360 781; baseline 0.003 -14"><span class='ocrx_word' id='word_1_32' title='bbox 135 706 315 769; x_wconf 92' lang='lat' dir='ltr'><strong>studiorum</strong></span> <span class='ocrx_word' id='word_1_33' title='bbox 347 706 536 781; x_wconf 90' lang='lat' dir='ltr'><strong>liberalium,</strong></span> <span class='ocrx_word' id='word_1_34' title='bbox 568 717 602 770; x_wconf 94' lang='lat' dir='ltr'><strong>ut</strong></span> <span class='ocrx_word' id='word_1_35' title='bbox 632 706 689 769; x_wconf 91' lang='lat' dir='ltr'><strong>tibi</strong></span> <span class='ocrx_word' id='word_1_36' title='bbox 713 705 811 768; x_wconf 89' lang='lat' dir='ltr'><strong>multa</strong></span> <span class='ocrx_word' id='word_1_37' title='bbox 835 706 918 768; x_wconf 91' lang='lat' dir='ltr'><strong>milia</strong></span> <span class='ocrx_word' id='word_1_38' title='bbox 941 707 1086 770; x_wconf 88' lang='lat' dir='ltr'><strong>frumenti</strong></span> <span class='ocrx_word' id='word_1_39' title='bbox 1110 708 1192 770; x_wconf 93' lang='lat' dir='ltr'><strong>bene</strong></span> <span class='ocrx_word' id='word_1_40' title='bbox 1216 709 1360 771; x_wconf 91' lang='lat' dir='ltr'><strong>commit-</strong></span> 
     </span>
     <span class='ocr_line' id='line_1_5' title="bbox 137 812 1362 896; baseline 0.002 -22"><span class='ocrx_word' id='word_1_41' title='bbox 137 821 293 875; x_wconf 91' lang='lat' dir='ltr'><strong>terentur:</strong></span> <span class='ocrx_word' id='word_1_42' title='bbox 320 813 420 874; x_wconf 89' lang='lat' dir='ltr'><strong>maius</strong></span> <span class='ocrx_word' id='word_1_43' title='bbox 442 813 594 894; x_wconf 88' lang='lat' dir='ltr'>quiddam</span> <span class='ocrx_word' id='word_1_44' title='bbox 618 824 651 876; x_wconf 94' lang='lat' dir='ltr'><strong>et</strong></span> <span class='ocrx_word' id='word_1_45' title='bbox 674 812 765 875; x_wconf 90' lang='lat' dir='ltr'><strong>altius</strong></span> <span class='ocrx_word' id='word_1_46' title='bbox 789 815 829 875; x_wconf 93' lang='lat' dir='ltr'><strong>de</strong></span> <span class='ocrx_word' id='word_1_47' title='bbox 852 823 885 875; x_wconf 89' lang='lat' dir='ltr'><strong>te</strong></span> <span class='ocrx_word' id='word_1_48' title='bbox 907 815 1104 896; x_wconf 83' lang='lat' dir='ltr'><strong>promiseras</strong></span> <span class='ocrx_word' id='word_1_49' title='bbox 1141 836 1205 876; x_wconf 90' lang='lat' dir='ltr'><strong>non</strong></span> <span class='ocrx_word' id='word_1_50' title='bbox 1229 816 1362 877; x_wconf 90' lang='lat' dir='ltr'><strong>deerunt</strong></span> 
     </span>
     <span class='ocr_line' id='line_1_6' title="bbox 138 910 1389 1002; baseline 0.002 -22"><span class='ocrx_word' id='word_1_51' title='bbox 138 927 169 981; x_wconf 90' lang='lat' dir='ltr'><strong>et</strong></span> <span class='ocrx_word' id='word_1_52' title='bbox 192 917 378 999; x_wconf 84' lang='lat' dir='ltr'>frugalitatis</span> <span class='ocrx_word' id='word_1_53' title='bbox 402 929 536 982; x_wconf 84' lang='lat' dir='ltr'>exactae</span> <span class='ocrx_word' id='word_1_54' title='bbox 559 910 702 981; x_wconf 81' lang='lat' dir='ltr'><strong>homines</strong></span> <span class='ocrx_word' id='word_1_55' title='bbox 726 930 758 981; x_wconf 91' lang='lat' dir='ltr'><strong>et</strong></span> <span class='ocrx_word' id='word_1_56' title='bbox 781 920 957 982; x_wconf 91' lang='lat' dir='ltr'><strong>laboriosae</strong></span> <span class='ocrx_word' id='word_1_57' title='bbox 978 941 1102 1002; x_wconf 85' lang='lat' dir='ltr'><strong>operae.</strong></span> <span class='ocrx_word' id='word_1_58' title='bbox 1134 930 1224 983; x_wconf 91' lang='lat' dir='ltr'><strong>tanto</strong></span> <span class='ocrx_word' id='word_1_59' title='bbox 1240 923 1389 1002; x_wconf 74' lang='lat' dir='ltr'><strong>aptioras</strong></span> 
     </span>
     <span class='ocr_line' id='line_1_7' title="bbox 137 1026 1362 1109; baseline 0.002 -22"><span class='ocrx_word' id='word_1_60' title='bbox 137 1027 303 1107; x_wconf 82' lang='lat' dir='ltr'><strong>portandis</strong></span> <span class='ocrx_word' id='word_1_61' title='bbox 327 1026 473 1088; x_wconf 91' lang='lat' dir='ltr'><strong>oneribus</strong></span> <span class='ocrx_word' id='word_1_62' title='bbox 497 1027 589 1088; x_wconf 88' lang='lat' dir='ltr'><strong>tarda</strong></span> <span class='ocrx_word' id='word_1_63' title='bbox 611 1027 750 1088; x_wconf 92' lang='lat' dir='ltr'><strong>iumenta</strong></span> <span class='ocrx_word' id='word_1_64' title='bbox 773 1036 845 1087; x_wconf 92' lang='lat' dir='ltr'><strong>sunt</strong></span> <span class='ocrx_word' id='word_1_65' title='bbox 868 1047 963 1108; x_wconf 94' lang='lat' dir='ltr'><strong>quam</strong></span> <span class='ocrx_word' id='word_1_66' title='bbox 988 1026 1109 1089; x_wconf 89' lang='lat' dir='ltr'><strong>nobiles</strong></span> <span class='ocrx_word' id='word_1_67' title='bbox 1125 1029 1203 1109; x_wconf 86' lang='lat' dir='ltr'><strong>equi,</strong></span> <span class='ocrx_word' id='word_1_68' title='bbox 1228 1049 1362 1109; x_wconf 92' lang='lat' dir='ltr'><strong>quorum</strong></span> 
     </span>
    </p>

    <p class='ocr_par' dir='ltr' id='par_1_3' title="bbox 95 1133 1432 2282">
     <span class='ocr_line' id='line_1_8' title="bbox 95 1133 1363 1216; baseline -0.002 -17"><span class='ocrx_word' id='word_1_69' title='bbox 95 1149 113 1199; x_wconf 68' lang='lat'><strong>5</strong></span> <span class='ocrx_word' id='word_1_70' title='bbox 138 1152 328 1213; x_wconf 86' lang='lat' dir='ltr'><strong>generosam</strong></span> <span class='ocrx_word' id='word_1_71' title='bbox 352 1133 567 1214; x_wconf 71' lang='lat' dir='ltr'><strong>pernicitatem</strong></span> <span class='ocrx_word' id='word_1_72' title='bbox 591 1133 659 1213; x_wconf 91' lang='lat' dir='ltr'><strong>quis</strong></span> <span class='ocrx_word' id='word_1_73' title='bbox 683 1153 832 1214; x_wconf 94' lang='lat' dir='ltr'><strong>umquam</strong></span> <span class='ocrx_word' id='word_1_74' title='bbox 858 1134 946 1214; x_wconf 89' lang='lat' dir='ltr'><strong>graui</strong></span> <span class='ocrx_word' id='word_1_75' title='bbox 961 1136 1081 1195; x_wconf 89' lang='lat' dir='ltr'><strong>sarcina</strong></span> <span class='ocrx_word' id='word_1_76' title='bbox 1096 1137 1229 1216; x_wconf 85' lang='lat' dir='ltr'><strong>pressit?</strong></span> <span class='ocrx_word' id='word_1_77' title='bbox 1259 1137 1363 1216; x_wconf 89' lang='lat' dir='ltr'><strong>cogita</strong></span> 
     </span>
     <span class='ocr_line' id='line_1_9' title="bbox 123 1237 1432 1326; baseline 0.002 -26"><span class='ocrx_word' id='word_1_78' title='bbox 123 1248 312 1326; x_wconf 80' lang='lat' dir='ltr'><strong>praeterea,</strong></span> <span class='ocrx_word' id='word_1_79' title='bbox 336 1249 488 1321; x_wconf 91' lang='lat' dir='ltr'><strong>quantum</strong></span> <span class='ocrx_word' id='word_1_80' title='bbox 511 1237 724 1301; x_wconf 89' lang='lat' dir='ltr'><strong>sollicitudinis</strong></span> <span class='ocrx_word' id='word_1_81' title='bbox 747 1241 787 1302; x_wconf 92' lang='lat' dir='ltr'><strong>sit</strong></span> <span class='ocrx_word' id='word_1_82' title='bbox 810 1241 851 1302; x_wconf 95' lang='lat' dir='ltr'><strong>ad</strong></span> <span class='ocrx_word' id='word_1_83' title='bbox 875 1249 996 1302; x_wconf 88' lang='lat' dir='ltr'><strong>tantam</strong></span> <span class='ocrx_word' id='word_1_84' title='bbox 1020 1250 1053 1302; x_wconf 92' lang='lat' dir='ltr'><strong>te</strong></span> <span class='ocrx_word' id='word_1_85' title='bbox 1077 1241 1195 1302; x_wconf 94' lang='lat' dir='ltr'><strong>molem</strong></span> <span class='ocrx_word' id='word_1_86' title='bbox 1218 1242 1359 1304; x_wconf 88' lang='lat' dir='ltr'><strong>obicere:</strong></span> <span class='ocrx_word' id='word_1_87' title='bbox 1431 1271 1432 1276; x_wconf 42' lang='lat'>¹</span> 
     </span>
     <span class='ocr_line' id='line_1_10' title="bbox 140 1345 1364 1429; baseline 0.002 -22"><span class='ocrx_word' id='word_1_88' title='bbox 140 1366 212 1408; x_wconf 94' lang='lat' dir='ltr'><strong>cum</strong></span> <span class='ocrx_word' id='word_1_89' title='bbox 237 1354 348 1407; x_wconf 88' lang='lat' dir='ltr'><strong>uentre</strong></span> <span class='ocrx_word' id='word_1_90' title='bbox 370 1346 426 1407; x_wconf 93' lang='lat' dir='ltr'><strong>tibi</strong></span> <span class='ocrx_word' id='word_1_91' title='bbox 449 1345 589 1407; x_wconf 93' lang='lat' dir='ltr'><strong>humano</strong></span> <span class='ocrx_word' id='word_1_92' title='bbox 612 1347 776 1426; x_wconf 87' lang='lat' dir='ltr'><strong>negotium</strong></span> <span class='ocrx_word' id='word_1_93' title='bbox 806 1355 862 1408; x_wconf 90' lang='lat' dir='ltr'><strong>est.</strong></span> <span class='ocrx_word' id='word_1_94' title='bbox 909 1367 967 1408; x_wconf 91' lang='lat' dir='ltr'><strong>nec</strong></span> <span class='ocrx_word' id='word_1_95' title='bbox 990 1348 1142 1410; x_wconf 92' lang='lat' dir='ltr'><strong>rationem</strong></span> <span class='ocrx_word' id='word_1_96' title='bbox 1167 1350 1283 1429; x_wconf 89' lang='lat' dir='ltr'><strong>patitur</strong></span> <span class='ocrx_word' id='word_1_97' title='bbox 1306 1369 1364 1410; x_wconf 91' lang='lat' dir='ltr'><strong>nec</strong></span> 
     </span>
     <span class='ocr_line' id='line_1_11' title="bbox 140 1452 1404 1536; baseline 0.001 -22"><span class='ocrx_word' id='word_1_98' title='bbox 140 1455 299 1535; x_wconf 77' lang='lat' dir='ltr'><strong>aequitate</strong></span> <span class='ocrx_word' id='word_1_99' title='bbox 323 1453 483 1533; x_wconf 86' lang='lat' dir='ltr'><strong>mitigatur</strong></span> <span class='ocrx_word' id='word_1_100' title='bbox 506 1472 564 1515; x_wconf 94' lang='lat' dir='ltr'><strong>nec</strong></span> <span class='ocrx_word' id='word_1_101' title='bbox 588 1453 649 1515; x_wconf 92' lang='lat' dir='ltr'><strong>ulla</strong></span> <span class='ocrx_word' id='word_1_102' title='bbox 672 1473 766 1534; x_wconf 89' lang='lat' dir='ltr'><strong>prece</strong></span> <span class='ocrx_word' id='word_1_103' title='bbox 787 1452 922 1515; x_wconf 87' lang='lat' dir='ltr'><strong>flectitur</strong></span> <span class='ocrx_word' id='word_1_104' title='bbox 937 1454 1071 1536; x_wconf 92' lang='lat' dir='ltr'><strong>populus</strong></span> <span class='ocrx_word' id='word_1_105' title='bbox 1085 1456 1232 1517; x_wconf 80' lang='lat' dir='ltr'><strong>&#39;esuriens</strong></span> <span class='ocrx_word' id='word_1_106' title='bbox 1265 1457 1365 1516; x_wconf 92' lang='lat' dir='ltr'><strong>modo</strong></span> <span class='ocrx_word' id='word_1_107' title='bbox 1381 1478 1404 1515; x_wconf 81' lang='lat' dir='ltr'><strong>ru</strong></span> 
     </span>
     <span class='ocr_line' id='line_1_12' title="bbox 141 1557 1365 1643; baseline 0.002 -21"><span class='ocrx_word' id='word_1_108' title='bbox 141 1561 242 1622; x_wconf 93' lang='lat' dir='ltr'><strong>modo</strong></span> <span class='ocrx_word' id='word_1_109' title='bbox 273 1561 353 1622; x_wconf 92' lang='lat' dir='ltr'><strong>intra</strong></span> <span class='ocrx_word' id='word_1_110' title='bbox 383 1580 502 1641; x_wconf 92' lang='lat' dir='ltr'><strong>paucos</strong></span> <span class='ocrx_word' id='word_1_111' title='bbox 532 1558 601 1622; x_wconf 91' lang='lat' dir='ltr'><strong>illos</strong></span> <span class='ocrx_word' id='word_1_112' title='bbox 633 1562 714 1635; x_wconf 89' lang='lat' dir='ltr'><strong>dies,</strong></span> <span class='ocrx_word' id='word_1_113' title='bbox 746 1560 858 1641; x_wconf 90' lang='lat' dir='ltr'><strong>quibus</strong></span> <span class='ocrx_word' id='word_1_114' title='bbox 891 1557 925 1620; x_wconf 91' lang='lat' dir='ltr'><strong>C.</strong></span> <span class='ocrx_word' id='word_1_115' title='bbox 958 1559 1074 1622; x_wconf 87' lang='lat' dir='ltr'><strong>Caesar</strong></span> <span class='ocrx_word' id='word_1_116' title='bbox 1104 1563 1210 1642; x_wconf 89' lang='lat' dir='ltr'><strong>periit,</strong></span> <span class='ocrx_word' id='word_1_117' title='bbox 1241 1563 1266 1623; x_wconf 92' lang='lat' dir='ltr'><strong>si</strong></span> <span class='ocrx_word' id='word_1_118' title='bbox 1297 1565 1365 1643; x_wconf 91' lang='lat' dir='ltr'><strong>quis</strong></span> 
     </span>
     <span class='ocr_line' id='line_1_13' title="bbox 141 1665 1365 1749; baseline 0.002 -21"><span class='ocrx_word' id='word_1_119' title='bbox 141 1666 245 1729; x_wconf 88' lang='lat' dir='ltr'><strong>inferis</strong></span> <span class='ocrx_word' id='word_1_120' title='bbox 276 1687 386 1728; x_wconf 91' lang='lat' dir='ltr'><strong>sensus</strong></span> <span class='ocrx_word' id='word_1_121' title='bbox 418 1677 481 1741; x_wconf 89' lang='lat' dir='ltr'><strong>est,</strong></span> <span class='ocrx_word' id='word_1_122' title='bbox 514 1667 576 1728; x_wconf 92' lang='lat' dir='ltr'><strong>hoc</strong></span> <span class='ocrx_word' id='word_1_123' title='bbox 599 1667 782 1747; x_wconf 87' lang='lat' dir='ltr'><strong>grauissime</strong></span> <span class='ocrx_word' id='word_1_124' title='bbox 805 1665 924 1741; x_wconf 79' lang='lat' dir='ltr'><strong>ferenS,</strong></span> <span class='ocrx_word' id='word_1_125' title='bbox 955 1669 1042 1748; x_wconf 92' lang='lat' dir='ltr'><strong>quod</strong></span> <span class='ocrx_word' id='word_1_126' title='bbox 1073 1667 1191 1749; x_wconf 92' lang='lat' dir='ltr'><strong>populo</strong></span> <span class='ocrx_word' id='word_1_127' title='bbox 1215 1670 1365 1730; x_wconf 92' lang='lat' dir='ltr'><strong>Romano</strong></span> 
     </span>
     <span class='ocr_line' id='line_1_14' title="bbox 142 1764 1363 1863; baseline 0.002 -29"><span class='ocrx_word' id='word_1_128' title='bbox 142 1774 324 1855; x_wconf 87' lang='lat' dir='ltr'><strong>superstite,</strong></span> <span class='ocrx_word' id='word_1_129' title='bbox 346 1764 505 1836; x_wconf 34' lang='lat' dir='ltr'><strong>⁸dicebant</strong></span> <span class='ocrx_word' id='word_1_130' title='bbox 536 1783 659 1854; x_wconf 89' lang='lat' dir='ltr'><strong>septem</strong></span> <span class='ocrx_word' id='word_1_131' title='bbox 689 1783 743 1836; x_wconf 90' lang='lat' dir='ltr'><strong>aut</strong></span> <span class='ocrx_word' id='word_1_132' title='bbox 766 1782 841 1835; x_wconf 91' lang='lat' dir='ltr'><strong>octo</strong></span> <span class='ocrx_word' id='word_1_133' title='bbox 866 1783 953 1863; x_wconf 79' lang='lat' dir='ltr'><strong>certe</strong></span> <span class='ocrx_word' id='word_1_134' title='bbox 976 1775 1096 1835; x_wconf 92' lang='lat' dir='ltr'><strong>dierum</strong></span> <span class='ocrx_word' id='word_1_135' title='bbox 1120 1774 1234 1836; x_wconf 91' lang='lat' dir='ltr'><strong>cibaria</strong></span> <span class='ocrx_word' id='word_1_136' title='bbox 1257 1796 1363 1856; x_wconf 91' lang='lat' dir='ltr'><strong>super-</strong></span> 
     </span>
     <span class='ocr_line' id='line_1_15' title="bbox 142 1879 1365 1962; baseline 0.001 -20"><span class='ocrx_word' id='word_1_137' title='bbox 142 1901 218 1942; x_wconf 90' lang='lat' dir='ltr'><strong>esse.</strong></span> <span class='ocrx_word' id='word_1_138' title='bbox 267 1881 343 1941; x_wconf 92' lang='lat' dir='ltr'><strong>dum</strong></span> <span class='ocrx_word' id='word_1_139' title='bbox 382 1879 433 1942; x_wconf 92' lang='lat' dir='ltr'><strong>ille</strong></span> <span class='ocrx_word' id='word_1_140' title='bbox 471 1889 585 1961; x_wconf 92' lang='lat' dir='ltr'><strong>pontes</strong></span> <span class='ocrx_word' id='word_1_141' title='bbox 624 1880 754 1942; x_wconf 90' lang='lat' dir='ltr'><strong>nauibus</strong></span> <span class='ocrx_word' id='word_1_142' title='bbox 793 1880 891 1960; x_wconf 86' lang='lat' dir='ltr'><strong>iungit</strong></span> <span class='ocrx_word' id='word_1_143' title='bbox 929 1889 961 1941; x_wconf 92' lang='lat' dir='ltr'><strong>et</strong></span> <span class='ocrx_word' id='word_1_144' title='bbox 992 1880 1107 1942; x_wconf 93' lang='lat' dir='ltr'><strong>uiribus</strong></span> <span class='ocrx_word' id='word_1_145' title='bbox 1139 1882 1248 1962; x_wconf 93' lang='lat' dir='ltr'><strong>imperi</strong></span> <span class='ocrx_word' id='word_1_146' title='bbox 1279 1882 1365 1956; x_wconf 92' lang='lat' dir='ltr'><strong>ludit,</strong></span> 
     </span>
     <span class='ocr_line' id='line_1_16' title="bbox 142 1986 1406 2069; baseline -0.002 -21"><span class='ocrx_word' id='word_1_147' title='bbox 142 1988 252 2049; x_wconf 90' lang='lat' dir='ltr'><strong>aderat</strong></span> <span class='ocrx_word' id='word_1_148' title='bbox 285 1987 427 2048; x_wconf 90' lang='lat' dir='ltr'><strong>ultimum</strong></span> <span class='ocrx_word' id='word_1_149' title='bbox 460 1987 615 2049; x_wconf 89' lang='lat' dir='ltr'><strong>malorum</strong></span> <span class='ocrx_word' id='word_1_150' title='bbox 646 1989 784 2049; x_wconf 91' lang='lat' dir='ltr'><strong>obsessis</strong></span> <span class='ocrx_word' id='word_1_151' title='bbox 812 2000 955 2068; x_wconf 89' lang='lat' dir='ltr'><strong>quoque,</strong></span> <span class='ocrx_word' id='word_1_152' title='bbox 987 1986 1207 2049; x_wconf 83' lang='lat' dir='ltr'><strong>alimentorum</strong></span> <span class='ocrx_word' id='word_1_153' title='bbox 1232 1991 1365 2069; x_wconf 82' lang='lat' dir='ltr'><strong>egestas.</strong></span> <span class='ocrx_word' id='word_1_154' title='bbox 1382 2009 1406 2047; x_wconf 81' lang='lat' dir='ltr'><strong>u</strong></span> 
     </span>
     <span class='ocr_line' id='line_1_17' title="bbox 143 2092 1366 2176; baseline 0.001 -21"><span class='ocrx_word' id='word_1_155' title='bbox 143 2095 241 2155; x_wconf 88' lang='lat' dir='ltr'><strong>exitio</strong></span> <span class='ocrx_word' id='word_1_156' title='bbox 273 2113 374 2174; x_wconf 90' lang='lat' dir='ltr'><strong>paene</strong></span> <span class='ocrx_word' id='word_1_157' title='bbox 405 2114 442 2154; x_wconf 89' lang='lat' dir='ltr'><strong>ac</strong></span> <span class='ocrx_word' id='word_1_158' title='bbox 472 2093 555 2155; x_wconf 89' lang='lat' dir='ltr'><strong>same</strong></span> <span class='ocrx_word' id='word_1_159' title='bbox 587 2095 726 2155; x_wconf 86' lang='lat' dir='ltr'><strong>constitit</strong></span> <span class='ocrx_word' id='word_1_160' title='bbox 756 2102 804 2168; x_wconf 89' lang='lat' dir='ltr'><strong>et,</strong></span> <span class='ocrx_word' id='word_1_161' title='bbox 834 2113 915 2174; x_wconf 90' lang='lat' dir='ltr'><strong>quae</strong></span> <span class='ocrx_word' id='word_1_162' title='bbox 939 2092 1055 2155; x_wconf 92' lang='lat' dir='ltr'><strong>famem</strong></span> <span class='ocrx_word' id='word_1_163' title='bbox 1079 2096 1231 2176; x_wconf 86' lang='lat' dir='ltr'><strong>sequitur,</strong></span> <span class='ocrx_word' id='word_1_164' title='bbox 1262 2116 1366 2157; x_wconf 88' lang='lat' dir='ltr'><strong>rerum</strong></span> 
     </span>
     <span class='ocr_line' id='line_1_18' title="bbox 142 2200 1367 2282; baseline 0.002 -20"><span class='ocrx_word' id='word_1_165' title='bbox 142 2202 285 2263; x_wconf 93' lang='lat' dir='ltr'><strong>omnium</strong></span> <span class='ocrx_word' id='word_1_166' title='bbox 308 2201 394 2262; x_wconf 93' lang='lat' dir='ltr'><strong>ruina</strong></span> <span class='ocrx_word' id='word_1_167' title='bbox 418 2200 523 2262; x_wconf 90' lang='lat' dir='ltr'><strong>furiosi</strong></span> <span class='ocrx_word' id='word_1_168' title='bbox 547 2209 578 2261; x_wconf 92' lang='lat' dir='ltr'><strong>et</strong></span> <span class='ocrx_word' id='word_1_169' title='bbox 602 2201 724 2262; x_wconf 88' lang='lat' dir='ltr'><strong>externi</strong></span> <span class='ocrx_word' id='word_1_170' title='bbox 748 2210 779 2262; x_wconf 90' lang='lat' dir='ltr'><strong>et</strong></span> <span class='ocrx_word' id='word_1_171' title='bbox 803 2200 963 2262; x_wconf 90' lang='lat' dir='ltr'><strong>infeliciter</strong></span> <span class='ocrx_word' id='word_1_172' title='bbox 986 2202 1112 2282; x_wconf 88' lang='lat' dir='ltr'><strong>superbi</strong></span> <span class='ocrx_word' id='word_1_173' title='bbox 1128 2203 1210 2282; x_wconf 91' lang='lat' dir='ltr'><strong>regis</strong></span> <span class='ocrx_word' id='word_1_174' title='bbox 1226 2203 1367 2265; x_wconf 82' lang='lat' dir='ltr'><strong>imitatio,</strong></span> 
     </span>
    </p>

    <p class='ocr_par' dir='ltr' id='par_1_4' title="bbox 111 2305 1408 2797">
     <span class='ocr_line' id='line_1_19' title="bbox 111 2305 1368 2389; baseline 0.002 -21"><span class='ocrx_word' id='word_1_175' title='bbox 111 2325 240 2389; x_wconf 78' lang='lat' dir='ltr'><strong>ssquem</strong></span> <span class='ocrx_word' id='word_1_176' title='bbox 269 2317 345 2369; x_wconf 93' lang='lat' dir='ltr'><strong>tunc</strong></span> <span class='ocrx_word' id='word_1_177' title='bbox 372 2308 511 2369; x_wconf 91' lang='lat' dir='ltr'><strong>animum</strong></span> <span class='ocrx_word' id='word_1_178' title='bbox 535 2307 712 2369; x_wconf 90' lang='lat' dir='ltr'><strong>habuerunt</strong></span> <span class='ocrx_word' id='word_1_179' title='bbox 734 2305 789 2381; x_wconf 93' lang='lat' dir='ltr'><strong>illi,</strong></span> <span class='ocrx_word' id='word_1_180' title='bbox 821 2307 933 2388; x_wconf 93' lang='lat' dir='ltr'><strong>quibus</strong></span> <span class='ocrx_word' id='word_1_181' title='bbox 957 2316 1024 2369; x_wconf 91' lang='lat' dir='ltr'><strong>erat</strong></span> <span class='ocrx_word' id='word_1_182' title='bbox 1048 2309 1200 2370; x_wconf 90' lang='lat' dir='ltr'><strong>mandata</strong></span> <span class='ocrx_word' id='word_1_183' title='bbox 1222 2307 1368 2371; x_wconf 89' lang='lat' dir='ltr'><strong>frumenti</strong></span> 
     </span>
     <span class='ocr_line' id='line_1_20' title="bbox 143 2412 1366 2497; baseline 0.001 -22"><span class='ocrx_word' id='word_1_184' title='bbox 143 2414 260 2497; x_wconf 91' lang='lat' dir='ltr'><strong>publici</strong></span> <span class='ocrx_word' id='word_1_185' title='bbox 284 2434 367 2490; x_wconf 91' lang='lat' dir='ltr'><strong>cura,</strong></span> <span class='ocrx_word' id='word_1_186' title='bbox 397 2434 484 2489; x_wconf 89' lang='lat' dir='ltr'><strong>saxa,</strong></span> <span class='ocrx_word' id='word_1_187' title='bbox 509 2413 633 2488; x_wconf 88' lang='lat' dir='ltr'><strong>ferrum,</strong></span> <span class='ocrx_word' id='word_1_188' title='bbox 657 2415 754 2494; x_wconf 91' lang='lat' dir='ltr'><strong>ignes,</strong></span> <span class='ocrx_word' id='word_1_189' title='bbox 777 2412 890 2475; x_wconf 90' lang='lat' dir='ltr'><strong>Gaium</strong></span> <span class='ocrx_word' id='word_1_190' title='bbox 916 2416 1099 2495; x_wconf 83' lang='lat' dir='ltr'><strong>excepturi?</strong></span> <span class='ocrx_word' id='word_1_191' title='bbox 1130 2435 1255 2476; x_wconf 91' lang='lat' dir='ltr'><strong>summa</strong></span> <span class='ocrx_word' id='word_1_192' title='bbox 1279 2415 1366 2476; x_wconf 94' lang='lat' dir='ltr'><strong>dissi-</strong></span> 
     </span>
     <span class='ocr_line' id='line_1_21' title="bbox 144 2520 1408 2613; baseline -0.002 -30"><span class='ocrx_word' id='word_1_193' title='bbox 144 2522 317 2584; x_wconf 90' lang='lat' dir='ltr'><strong>mulatione</strong></span> <span class='ocrx_word' id='word_1_194' title='bbox 340 2529 463 2583; x_wconf 89' lang='lat' dir='ltr'><strong>tantum</strong></span> <span class='ocrx_word' id='word_1_195' title='bbox 487 2523 567 2582; x_wconf 91' lang='lat' dir='ltr'><strong>inter</strong></span> <span class='ocrx_word' id='word_1_196' title='bbox 591 2521 710 2582; x_wconf 90' lang='lat' dir='ltr'><strong>uiscera</strong></span> <span class='ocrx_word' id='word_1_197' title='bbox 733 2520 857 2613; x_wconf 74' lang='lat' dir='ltr'><strong>latentis</strong></span> <span class='ocrx_word' id='word_1_198' title='bbox 882 2520 955 2581; x_wconf 92' lang='lat' dir='ltr'><strong>mali</strong></span> <span class='ocrx_word' id='word_1_199' title='bbox 976 2521 1136 2601; x_wconf 87' lang='lat' dir='ltr'><strong>tegebant,</strong></span> <span class='ocrx_word' id='word_1_200' title='bbox 1161 2542 1231 2582; x_wconf 95' lang='lat' dir='ltr'><strong>cum</strong></span> <span class='ocrx_word' id='word_1_201' title='bbox 1249 2523 1369 2582; x_wconf 90' lang='lat' dir='ltr'><strong>ratione</strong></span> <span class='ocrx_word' id='word_1_202' title='bbox 1383 2540 1408 2580; x_wconf 62' lang='grc' dir='ltr'><strong>πο</strong></span> 
     </span>
     <span class='ocr_line' id='line_1_22' title="bbox 142 2627 1368 2709; baseline -0.001 -19"><span class='ocrx_word' id='word_1_203' title='bbox 142 2628 268 2691; x_wconf 89' lang='lat' dir='ltr'><strong>scilicet.</strong></span> <span class='ocrx_word' id='word_1_204' title='bbox 315 2630 472 2709; x_wconf 90' lang='lat' dir='ltr'><strong>quaedam</strong></span> <span class='ocrx_word' id='word_1_205' title='bbox 504 2629 586 2689; x_wconf 89' lang='lat' dir='ltr'><strong>enim</strong></span> <span class='ocrx_word' id='word_1_206' title='bbox 618 2627 834 2707; x_wconf 90' lang='lat' dir='ltr'><strong>ignorantibus</strong></span> <span class='ocrx_word' id='word_1_207' title='bbox 865 2628 967 2708; x_wconf 89' lang='lat' dir='ltr'><strong>aegris</strong></span> <span class='ocrx_word' id='word_1_208' title='bbox 991 2628 1128 2689; x_wconf 88' lang='lat' dir='ltr'><strong>curanda</strong></span> <span class='ocrx_word' id='word_1_209' title='bbox 1151 2636 1241 2689; x_wconf 92' lang='lat' dir='ltr'><strong>sunt:</strong></span> <span class='ocrx_word' id='word_1_210' title='bbox 1275 2648 1368 2689; x_wconf 90' lang='lat' dir='ltr'><strong>causa</strong></span> 
     </span>
     <span class='ocr_line' id='line_1_23' title="bbox 143 2733 918 2797; baseline 0 -1"><span class='ocrx_word' id='word_1_211' title='bbox 143 2734 249 2797; x_wconf 91' lang='lat' dir='ltr'><strong>multis</strong></span> <span class='ocrx_word' id='word_1_212' title='bbox 274 2736 429 2797; x_wconf 89' lang='lat' dir='ltr'><strong>moriendi</strong></span> <span class='ocrx_word' id='word_1_213' title='bbox 452 2733 508 2796; x_wconf 91' lang='lat' dir='ltr'><strong>fuit</strong></span> <span class='ocrx_word' id='word_1_214' title='bbox 531 2735 679 2796; x_wconf 88' lang='lat' dir='ltr'><strong>morbum</strong></span> <span class='ocrx_word' id='word_1_215' title='bbox 703 2755 793 2795; x_wconf 92' lang='lat' dir='ltr'><strong>suum</strong></span> <span class='ocrx_word' id='word_1_216' title='bbox 818 2754 918 2796; x_wconf 87' lang='lat' dir='ltr'><strong>nosse.</strong></span> 
     </span>
    </p>

    <p class='ocr_par' dir='ltr' id='par_1_5' title="bbox 110 2839 1407 3242">
     <span class='ocr_line' id='line_1_24' title="bbox 110 2839 1368 2921; baseline -0.001 -20"><span class='ocrx_word' id='word_1_217' title='bbox 110 2866 120 2916; x_wconf 80' lang='lat'>1</span> <span class='ocrx_word' id='word_1_218' title='bbox 232 2840 320 2902; x_wconf 88' lang='lat' dir='ltr'><strong>XIX.</strong></span> <span class='ocrx_word' id='word_1_219' title='bbox 356 2840 476 2921; x_wconf 90' lang='lat' dir='ltr'><strong>Recipe</strong></span> <span class='ocrx_word' id='word_1_220' title='bbox 500 2851 531 2902; x_wconf 88' lang='lat' dir='ltr'><strong>te</strong></span> <span class='ocrx_word' id='word_1_221' title='bbox 555 2843 596 2902; x_wconf 91' lang='lat' dir='ltr'><strong>ad</strong></span> <span class='ocrx_word' id='word_1_222' title='bbox 619 2840 699 2902; x_wconf 83' lang='lat' dir='ltr'><strong>hae&#39;c</strong></span> <span class='ocrx_word' id='word_1_223' title='bbox 722 2840 942 2920; x_wconf 89' lang='lat' dir='ltr'><strong>tranquilliora,</strong></span> <span class='ocrx_word' id='word_1_224' title='bbox 965 2842 1089 2915; x_wconf 92' lang='lat' dir='ltr'><strong>tutiora,</strong></span> <span class='ocrx_word' id='word_1_225' title='bbox 1112 2842 1238 2902; x_wconf 86' lang='lat' dir='ltr'><strong>maiora.</strong></span> <span class='ocrx_word' id='word_1_226' title='bbox 1270 2839 1368 2903; x_wconf 90' lang='lat' dir='ltr'><strong>simile</strong></span> 
     </span>
     <span class='ocr_line' id='line_1_25' title="bbox 140 2946 1366 3029; baseline 0 -21"><span class='ocrx_word' id='word_1_227' title='bbox 140 2955 177 3008; x_wconf 90' lang='lat' dir='ltr'><strong>tu</strong></span> <span class='ocrx_word' id='word_1_228' title='bbox 200 2955 293 3029; x_wconf 90' lang='lat' dir='ltr'><strong>putas</strong></span> <span class='ocrx_word' id='word_1_229' title='bbox 317 2967 403 3021; x_wconf 91' lang='lat' dir='ltr'><strong>esse,</strong></span> <span class='ocrx_word' id='word_1_230' title='bbox 435 2956 539 3009; x_wconf 92' lang='lat' dir='ltr'><strong>utrum</strong></span> <span class='ocrx_word' id='word_1_231' title='bbox 563 2968 661 3022; x_wconf 79' lang='lat' dir='ltr'><strong>cureS,</strong></span> <span class='ocrx_word' id='word_1_232' title='bbox 685 2957 719 3009; x_wconf 93' lang='lat' dir='ltr'><strong>ut</strong></span> <span class='ocrx_word' id='word_1_233' title='bbox 742 2949 955 3028; x_wconf 92' lang='lat' dir='ltr'><strong>incorruptum</strong></span> <span class='ocrx_word' id='word_1_234' title='bbox 980 2956 1012 3009; x_wconf 94' lang='lat' dir='ltr'><strong>et</strong></span> <span class='ocrx_word' id='word_1_235' title='bbox 1035 2968 1053 3008; x_wconf 95' lang='lat' dir='ltr'><strong>a</strong></span> <span class='ocrx_word' id='word_1_236' title='bbox 1076 2946 1185 3009; x_wconf 87' lang='lat' dir='ltr'><strong>fraude</strong></span> <span class='ocrx_word' id='word_1_237' title='bbox 1208 2947 1366 3009; x_wconf 91' lang='lat' dir='ltr'><strong>aduehen-</strong></span> 
     </span>
     <span class='ocr_line' id='line_1_26' title="bbox 142 3052 1407 3134; baseline -0.003 -18"><span class='ocrx_word' id='word_1_238' title='bbox 142 3054 221 3116; x_wconf 90' lang='lat' dir='ltr'><strong>tium</strong></span> <span class='ocrx_word' id='word_1_239' title='bbox 246 3063 278 3116; x_wconf 93' lang='lat' dir='ltr'><strong>et</strong></span> <span class='ocrx_word' id='word_1_240' title='bbox 301 3075 320 3115; x_wconf 89' lang='lat' dir='ltr'><strong>a</strong></span> <span class='ocrx_word' id='word_1_241' title='bbox 343 3053 544 3134; x_wconf 86' lang='lat' dir='ltr'><strong>neglegentia</strong></span> <span class='ocrx_word' id='word_1_242' title='bbox 566 3055 757 3115; x_wconf 89' lang='lat' dir='ltr'><strong>frumentum</strong></span> <span class='ocrx_word' id='word_1_243' title='bbox 782 3052 1015 3116; x_wconf 82' lang='lat' dir='ltr'><strong>transfundatur</strong></span> <span class='ocrx_word' id='word_1_244' title='bbox 1037 3056 1068 3115; x_wconf 96' lang='lat' dir='ltr'><strong>in</strong></span> <span class='ocrx_word' id='word_1_245' title='bbox 1090 3054 1213 3128; x_wconf 89' lang='lat' dir='ltr'><strong>horrea,</strong></span> <span class='ocrx_word' id='word_1_246' title='bbox 1236 3074 1275 3114; x_wconf 92' lang='lat' dir='ltr'><strong>ne</strong></span> <span class='ocrx_word' id='word_1_247' title='bbox 1292 3074 1366 3115; x_wconf 87' lang='lat' dir='ltr'><strong>con·</strong></span> <span class='ocrx_word' id='word_1_248' title='bbox 1382 3073 1407 3112; x_wconf 80' lang='lat' dir='ltr'><strong>u</strong></span> 
     </span>
     <span class='ocr_line' id='line_1_27' title="bbox 142 3154 1369 3242; baseline -0.002 -20"><span class='ocrx_word' id='word_1_249' title='bbox 142 3170 238 3242; x_wconf 91' lang='lat' dir='ltr'><strong>cepto</strong></span> <span class='ocrx_word' id='word_1_250' title='bbox 271 3181 382 3221; x_wconf 89' lang='lat' dir='ltr'><strong>umore</strong></span> <span class='ocrx_word' id='word_1_251' title='bbox 405 3162 529 3222; x_wconf 90' lang='lat' dir='ltr'><strong>uitietur</strong></span> <span class='ocrx_word' id='word_1_252' title='bbox 552 3170 584 3221; x_wconf 93' lang='lat' dir='ltr'><strong>et</strong></span> <span class='ocrx_word' id='word_1_253' title='bbox 608 3161 822 3235; x_wconf 86' lang='lat' dir='ltr'><strong>concalescat,</strong></span> <span class='ocrx_word' id='word_1_254' title='bbox 854 3169 887 3222; x_wconf 92' lang='lat' dir='ltr'><strong>ut</strong></span> <span class='ocrx_word' id='word_1_255' title='bbox 911 3161 952 3222; x_wconf 93' lang='lat' dir='ltr'><strong>ad</strong></span> <span class='ocrx_word' id='word_1_256' title='bbox 977 3181 1156 3222; x_wconf 90' lang='lat' dir='ltr'><strong>mensuram</strong></span> <span class='ocrx_word' id='word_1_257' title='bbox 1180 3154 1369 3242; x_wconf 89' lang='lat' dir='ltr'><strong>pondusque</strong></span> 
     </span>
    </p>
   </div>
   <div class='ocr_carea' id='block_1_3' title="bbox 143 3406 1368 3482">
    <p class='ocr_par' dir='ltr' id='par_1_6' title="bbox 143 3406 1368 3482">
     <span class='ocr_line' id='line_1_28' title="bbox 143 3406 1368 3482; baseline 0.001 -24"><span class='ocrx_word' id='word_1_258' title='bbox 143 3410 155 3461; x_wconf 92' lang='lat' dir='ltr'><strong>l</strong></span> <span class='ocrx_word' id='word_1_259' title='bbox 184 3411 216 3458; x_wconf 90' lang='lat' dir='ltr'><strong>ad</strong></span> <span class='ocrx_word' id='word_1_260' title='bbox 241 3410 317 3460; x_wconf 65' lang='lat' dir='ltr'><strong>beata</strong></span> <span class='ocrx_word' id='word_1_261' title='bbox 341 3411 393 3460; x_wconf 68' lang='lat' dir='ltr'><strong>uita</strong></span> <span class='ocrx_word' id='word_1_262' title='bbox 418 3418 474 3472; x_wconf 84' lang='lat' dir='ltr'><strong>apte</strong></span> <span class='ocrx_word' id='word_1_263' title='bbox 498 3425 587 3457; x_wconf 89' lang='lat' dir='ltr'><strong>reuoca</strong></span> <span class='ocrx_word' id='word_1_264' title='bbox 613 3406 687 3470; x_wconf 69' lang='lat' dir='ltr'><strong>coil,</strong></span> <span class='ocrx_word' id='word_1_265' title='bbox 716 3407 767 3461; x_wconf 83' lang='lat' dir='ltr'><strong>sed</strong></span> <span class='ocrx_word' id='word_1_266' title='bbox 785 3412 835 3459; x_wconf 75' lang='lat' dir='ltr'><strong>uua</strong></span> <span class='ocrx_word' id='word_1_267' title='bbox 854 3415 911 3473; x_wconf 86' lang='lat' dir='ltr'><strong>apte</strong></span> <span class='ocrx_word' id='word_1_268' title='bbox 929 3425 955 3458; x_wconf 89' lang='lat' dir='ltr'><strong>re</strong></span> <span class='ocrx_word' id='word_1_269' title='bbox 973 3408 1001 3460; x_wconf 77' lang='lat' dir='ltr'><strong>iu</strong></span> <span class='ocrx_word' id='word_1_270' title='bbox 1020 3423 1133 3466; x_wconf 81' lang='lat' dir='ltr'><strong>rasura,</strong></span> <span class='ocrx_word' id='word_1_271' title='bbox 1158 3407 1197 3461; x_wconf 77' lang='lat' dir='ltr'><strong>ila</strong></span> <span class='ocrx_word' id='word_1_272' title='bbox 1216 3417 1258 3470; x_wconf 75' lang='lat' dir='ltr'><strong>tet,</strong></span> <span class='ocrx_word' id='word_1_273' title='bbox 1278 3418 1368 3482; x_wconf 77' lang='lat' dir='ltr'><strong>ulrum</strong></span> 
     </span>
    </p>
   </div>
   <div class='ocr_carea' id='block_1_4' title="bbox 140 3508 1370 3601">
    <p class='ocr_par' dir='ltr' id='par_1_7' title="bbox 140 3508 1370 3601">
     <span class='ocr_line' id='line_1_29' title="bbox 140 3508 1370 3601; baseline -0.001 -18"><span class='ocrx_word' id='word_1_274' title='bbox 140 3515 199 3599; x_wconf 79' lang='lat' dir='ltr'><strong>apte</strong></span> <span class='ocrx_word' id='word_1_275' title='bbox 217 3550 253 3586; x_wconf 82' lang='lat' dir='ltr'><strong>an</strong></span> <span class='ocrx_word' id='word_1_276' title='bbox 272 3541 332 3597; x_wconf 89' lang='lat' dir='ltr'><strong>apto</strong></span> <span class='ocrx_word' id='word_1_277' title='bbox 348 3532 443 3599; x_wconf 77' lang='lat' dir='ltr'><strong>fuerit,</strong></span> <span class='ocrx_word' id='word_1_278' title='bbox 460 3547 560 3601; x_wconf 79' lang='lat' dir='ltr'><strong>parum</strong></span> <span class='ocrx_word' id='word_1_279' title='bbox 580 3541 713 3601; x_wconf 79' lang='lat' dir='ltr'><strong>appareat</strong></span> <span class='ocrx_word' id='word_1_280' title='bbox 805 3534 820 3584; x_wconf 78' lang='lat'>3</span> <span class='ocrx_word' id='word_1_281' title='bbox 845 3509 956 3591; x_wconf 65' lang='lat' dir='ltr'><strong>studiott</strong></span> <span class='ocrx_word' id='word_1_282' title='bbox 981 3534 1119 3583; x_wconf 61' lang='lat' dir='ltr'><strong>liberalius</strong></span> <span class='ocrx_word' id='word_1_283' title='bbox 1168 3508 1169 3512; x_wconf 10' lang='grc' dir='ltr'><strong>Ἰ</strong></span> <span class='ocrx_word' id='word_1_284' title='bbox 1226 3532 1244 3584; x_wconf 82' lang='grc'>4</span> <span class='ocrx_word' id='word_1_285' title='bbox 1270 3533 1370 3582; x_wconf 85' lang='lat' dir='ltr'><strong>deerunt</strong></span> 
     </span>
    </p>
   </div>
   <div class='ocr_carea' id='block_1_5' title="bbox 139 3620 1368 3726">
    <p class='ocr_par' dir='ltr' id='par_1_8' title="bbox 139 3620 1368 3726">
     <span class='ocr_line' id='line_1_30' title="bbox 139 3620 1368 3726; baseline 0 -17"><span class='ocrx_word' id='word_1_286' title='bbox 139 3662 221 3724; x_wconf 85' lang='lat' dir='ltr'><strong>(erunt</strong></span> <span class='ocrx_word' id='word_1_287' title='bbox 239 3657 267 3709; x_wconf 81' lang='lat' dir='ltr'><strong>in</strong></span> <span class='ocrx_word' id='word_1_288' title='bbox 287 3655 355 3723; x_wconf 73' lang='lat' dir='ltr'><strong>rus.)</strong></span> <span class='ocrx_word' id='word_1_289' title='bbox 447 3654 609 3722; x_wconf 80' lang='lat' dir='ltr'><strong>ssporfandis</strong></span> <span class='ocrx_word' id='word_1_290' title='bbox 628 3653 757 3726; x_wconf 73' lang='lat' dir='ltr'><strong>Madufy:</strong></span> <span class='ocrx_word' id='word_1_291' title='bbox 779 3658 937 3722; x_wconf 88' lang='lat' dir='ltr'><strong>exportandis</strong></span> <span class='ocrx_word' id='word_1_292' title='bbox 1027 3620 1157 3706; x_wconf 72' lang='lat' dir='ltr'><strong>honeribus</strong></span> <span class='ocrx_word' id='word_1_293' title='bbox 1181 3659 1368 3726; x_wconf 79' lang='lat' dir='ltr'><strong>(hsuprascr.</strong></span> 
     </span>
    </p>
   </div>
   <div class='ocr_carea' id='block_1_6' title="bbox 139 3758 1369 3851">
    <p class='ocr_par' dir='ltr' id='par_1_9' title="bbox 139 3758 1369 3851">
     <span class='ocr_line' id='line_1_31' title="bbox 139 3758 1369 3851; baseline -0.005 -15"><span class='ocrx_word' id='word_1_294' title='bbox 139 3799 174 3839; x_wconf 85' lang='lat' dir='ltr'><strong>m.</strong></span> <span class='ocrx_word' id='word_1_295' title='bbox 194 3783 260 3850; x_wconf 80' lang='lat' dir='ltr'><strong>rec.)</strong></span> <span class='ocrx_word' id='word_1_296' title='bbox 377 3781 392 3834; x_wconf 87' lang='grc'>7</span> <span class='ocrx_word' id='word_1_297' title='bbox 416 3758 467 3847; x_wconf 57' lang='lat' dir='ltr'><strong>quls</strong></span> <span class='ocrx_word' id='word_1_298' title='bbox 582 3780 598 3833; x_wconf 88' lang='lat'><em>8</em></span> <span class='ocrx_word' id='word_1_299' title='bbox 624 3783 657 3831; x_wconf 87' lang='lat' dir='ltr'><strong>ad</strong></span> <span class='ocrx_word' id='word_1_300' title='bbox 676 3784 745 3832; x_wconf 64' lang='lat' dir='ltr'><strong>tantia</strong></span> <span class='ocrx_word' id='word_1_301' title='bbox 764 3786 788 3831; x_wconf 87' lang='lat' dir='ltr'><strong>te</strong></span> <span class='ocrx_word' id='word_1_302' title='bbox 806 3764 874 3834; x_wconf 67' lang='lat' dir='ltr'><strong>mole</strong></span> <span class='ocrx_word' id='word_1_303' title='bbox 893 3783 993 3832; x_wconf 89' lang='lat' dir='ltr'><strong>obicere</strong></span> <span class='ocrx_word' id='word_1_304' title='bbox 1013 3781 1032 3848; x_wconf 91' lang='lat' dir='ltr'><strong>(t</strong></span> <span class='ocrx_word' id='word_1_305' title='bbox 1048 3788 1113 3851; x_wconf 80' lang='lat' dir='ltr'><strong>post</strong></span> <span class='ocrx_word' id='word_1_306' title='bbox 1132 3783 1172 3842; x_wconf 90' lang='lat' dir='ltr'><strong>ad,</strong></span> <span class='ocrx_word' id='word_1_307' title='bbox 1191 3784 1216 3843; x_wconf 63' lang='grc' dir='ltr'><strong>ᾗ,</strong></span> <span class='ocrx_word' id='word_1_308' title='bbox 1236 3787 1251 3832; x_wconf 74' lang='grc' dir='ltr'><strong>ἔ</strong></span> <span class='ocrx_word' id='word_1_309' title='bbox 1271 3782 1369 3830; x_wconf 90' lang='lat' dir='ltr'><strong>obicere</strong></span> 
     </span>
    </p>
   </div>
   <div class='ocr_carea' id='block_1_7' title="bbox 1149 3881 1155 3907">
    <p class='ocr_par' dir='ltr' id='par_1_10' title="bbox 1149 3881 1155 3907">
     <span class='ocr_line' id='line_1_32' title="bbox 1149 3881 1155 3907; baseline 0 0"><span class='ocrx_word' id='word_1_310' title='bbox 1149 3881 1155 3907; x_wconf 94' lang='lat' dir='ltr'><strong>l</strong></span> 
     </span>
    </p>
   </div>
   <div class='ocr_carea' id='block_1_8' title="bbox 138 3922 1368 4081">
    <p class='ocr_par' dir='ltr' id='par_1_11' title="bbox 138 3922 1368 4081">
     <span class='ocr_line' id='line_1_33' title="bbox 138 3922 1368 3992; baseline -0.005 -14"><span class='ocrx_word' id='word_1_311' title='bbox 138 3926 166 3978; x_wconf 78' lang='lat' dir='ltr'><strong>in</strong></span> <span class='ocrx_word' id='word_1_312' title='bbox 186 3926 254 3992; x_wconf 80' lang='lat' dir='ltr'><strong>ras.)</strong></span> <span class='ocrx_word' id='word_1_313' title='bbox 348 3924 381 3978; x_wconf 90' lang='lat'><strong>10</strong></span> <span class='ocrx_word' id='word_1_314' title='bbox 400 3926 539 3990; x_wconf 87' lang='lat' dir='ltr'><strong>mitigastur</strong></span> <span class='ocrx_word' id='word_1_315' title='bbox 558 3927 580 3987; x_wconf 84' lang='lat' dir='ltr'><strong>(s</strong></span> <span class='ocrx_word' id='word_1_316' title='bbox 599 3922 698 3990; x_wconf 77' lang='lat' dir='ltr'><strong>deleta)</strong></span> <span class='ocrx_word' id='word_1_317' title='bbox 789 3941 863 3989; x_wconf 72' lang='lat' dir='ltr'><strong>prece</strong></span> <span class='ocrx_word' id='word_1_318' title='bbox 953 3924 986 3976; x_wconf 87' lang='lat'><strong>11</strong></span> <span class='ocrx_word' id='word_1_319' title='bbox 1013 3940 1083 3974; x_wconf 86' lang='lat' dir='ltr'><strong>cesar</strong></span> <span class='ocrx_word' id='word_1_320' title='bbox 1101 3925 1164 3989; x_wconf 88' lang='lat' dir='ltr'><strong>perit</strong></span> <span class='ocrx_word' id='word_1_321' title='bbox 1255 3923 1288 3976; x_wconf 79' lang='grc'><strong>12</strong></span> <span class='ocrx_word' id='word_1_322' title='bbox 1312 3940 1368 3989; x_wconf 86' lang='lat' dir='ltr'><strong>gra·</strong></span> 
     </span>
     <span class='ocr_line' id='line_1_34' title="bbox 139 4009 1365 4081; baseline -0.002 -16"><span class='ocrx_word' id='word_1_323' title='bbox 139 4016 239 4065; x_wconf 89' lang='lat' dir='ltr'><strong>uissime</strong></span> <span class='ocrx_word' id='word_1_324' title='bbox 258 4012 317 4067; x_wconf 64' lang='lat' dir='ltr'><strong>El:</strong></span> <span class='ocrx_word' id='word_1_325' title='bbox 338 4015 477 4079; x_wconf 85' lang='lat' dir='ltr'><strong>gratissime</strong></span> <span class='ocrx_word' id='word_1_326' title='bbox 603 4015 669 4077; x_wconf 92' lang='lat' dir='ltr'><strong>quod</strong></span> <span class='ocrx_word' id='word_1_327' title='bbox 688 4013 782 4078; x_wconf 90' lang='lat' dir='ltr'><strong>populo</strong></span> <span class='ocrx_word' id='word_1_328' title='bbox 801 4015 916 4062; x_wconf 89' lang='lat' dir='ltr'><strong>Romano</strong></span> <span class='ocrx_word' id='word_1_329' title='bbox 935 4015 1075 4078; x_wconf 89' lang='lat' dir='ltr'><strong>superstite,</strong></span> <span class='ocrx_word' id='word_1_330' title='bbox 1101 4014 1218 4063; x_wconf 86' lang='lat' dir='ltr'><strong>dicebant</strong></span> <span class='ocrx_word' id='word_1_331' title='bbox 1237 4009 1365 4081; x_wconf 75' lang='lat' dir='ltr'><strong>Madut&#39;q:</strong></span> 
     </span>
    </p>
   </div>
   <div class='ocr_carea' id='block_1_9' title="bbox 138 4111 1367 4294">
    <p class='ocr_par' dir='ltr' id='par_1_12' title="bbox 138 4111 1367 4294">
     <span class='ocr_line' id='line_1_35' title="bbox 138 4111 1367 4204; baseline -0.001 -15"><span class='ocrx_word' id='word_1_332' title='bbox 138 4111 208 4204; x_wconf 83' lang='lat' dir='ltr'><strong>quod</strong></span> <span class='ocrx_word' id='word_1_333' title='bbox 226 4140 326 4189; x_wconf 88' lang='lat' dir='ltr'><strong>dicebat</strong></span> <span class='ocrx_word' id='word_1_334' title='bbox 344 4142 368 4186; x_wconf 91' lang='lat' dir='ltr'><strong>P.</strong></span> <span class='ocrx_word' id='word_1_335' title='bbox 385 4141 416 4188; x_wconf 90' lang='lat' dir='ltr'><strong>R.</strong></span> <span class='ocrx_word' id='word_1_336' title='bbox 435 4155 506 4202; x_wconf 88' lang='lat' dir='ltr'><strong>super</strong></span> <span class='ocrx_word' id='word_1_337' title='bbox 524 4139 578 4186; x_wconf 86' lang='lat' dir='ltr'><strong>stite</strong></span> <span class='ocrx_word' id='word_1_338' title='bbox 670 4137 701 4189; x_wconf 89' lang='grc'><strong>13</strong></span> <span class='ocrx_word' id='word_1_339' title='bbox 721 4153 767 4202; x_wconf 77' lang='lat' dir='ltr'><strong>sup</strong></span> <span class='ocrx_word' id='word_1_340' title='bbox 781 4154 832 4186; x_wconf 89' lang='lat' dir='ltr'><strong>esse</strong></span> <span class='ocrx_word' id='word_1_341' title='bbox 923 4139 956 4190; x_wconf 88' lang='grc'><strong>14</strong></span> <span class='ocrx_word' id='word_1_342' title='bbox 975 4113 1071 4202; x_wconf 85' lang='lat' dir='ltr'><strong>imperi¹</strong></span> <span class='ocrx_word' id='word_1_343' title='bbox 1091 4137 1134 4203; x_wconf 83' lang='lat' dir='ltr'><strong>(m.</strong></span> <span class='ocrx_word' id='word_1_344' title='bbox 1148 4151 1202 4190; x_wconf 77' lang='lat' dir='ltr'><strong>ren.</strong></span> <span class='ocrx_word' id='word_1_345' title='bbox 1216 4136 1367 4204; x_wconf 81' lang='lat' dir='ltr'><strong>suprascr.)</strong></span> 
     </span>
     <span class='ocr_line' id='line_1_36' title="bbox 248 4224 1367 4294; baseline -0.004 -14"><span class='ocrx_word' id='word_1_346' title='bbox 248 4227 282 4280; x_wconf 84' lang='grc'><strong>16</strong></span> <span class='ocrx_word' id='word_1_347' title='bbox 302 4228 378 4278; x_wconf 85' lang='lat' dir='ltr'><strong>exitiu</strong></span> <span class='ocrx_word' id='word_1_348' title='bbox 398 4229 425 4290; x_wconf 77' lang='grc' dir='ltr'><strong>(Π</strong></span> <span class='ocrx_word' id='word_1_349' title='bbox 445 4227 472 4278; x_wconf 81' lang='lat' dir='ltr'><strong>t&#39;n</strong></span> <span class='ocrx_word' id='word_1_350' title='bbox 491 4226 557 4292; x_wconf 81' lang='lat' dir='ltr'><strong>ras.)</strong></span> <span class='ocrx_word' id='word_1_351' title='bbox 579 4243 641 4290; x_wconf 71' lang='lat' dir='ltr'><strong>pene</strong></span> <span class='ocrx_word' id='word_1_352' title='bbox 660 4243 689 4275; x_wconf 89' lang='lat' dir='ltr'><strong>ac</strong></span> <span class='ocrx_word' id='word_1_353' title='bbox 709 4228 774 4289; x_wconf 69' lang='lat' dir='ltr'><strong>fame</strong></span> <span class='ocrx_word' id='word_1_354' title='bbox 866 4225 898 4278; x_wconf 75' lang='lat'><strong>18</strong></span> <span class='ocrx_word' id='word_1_355' title='bbox 924 4228 1004 4290; x_wconf 73' lang='lat' dir='ltr'><strong>Quem</strong></span> <span class='ocrx_word' id='word_1_356' title='bbox 1097 4226 1129 4277; x_wconf 85' lang='lat'><strong>19</strong></span> <span class='ocrx_word' id='word_1_357' title='bbox 1154 4242 1219 4276; x_wconf 87' lang='lat' dir='ltr'><strong>cura.</strong></span> <span class='ocrx_word' id='word_1_358' title='bbox 1240 4228 1265 4294; x_wconf 86' lang='lat' dir='ltr'><strong>(a</strong></span> <span class='ocrx_word' id='word_1_359' title='bbox 1283 4224 1367 4290; x_wconf 80' lang='lat' dir='ltr'><strong>corr.)</strong></span> 
     </span>
    </p>
   </div>
   <div class='ocr_carea' id='block_1_10' title="bbox 247 4312 1368 4399">
    <p class='ocr_par' dir='ltr' id='par_1_13' title="bbox 247 4312 1368 4399">
     <span class='ocr_line' id='line_1_37' title="bbox 247 4312 1368 4399; baseline -0.003 -33"><span class='ocrx_word' id='word_1_360' title='bbox 247 4318 395 4399; x_wconf 69' lang='lat' dir='ltr'><strong>exceptoris</strong></span> <span class='ocrx_word' id='word_1_361' title='bbox 485 4314 733 4385; x_wconf 79' lang='lat' dir='ltr'><strong>luterpuucu&#39;onem</strong></span> <span class='ocrx_word' id='word_1_362' title='bbox 754 4315 878 4368; x_wconf 79' lang='lat' dir='ltr'><strong>correoeit</strong></span> <span class='ocrx_word' id='word_1_363' title='bbox 894 4312 984 4378; x_wconf 66' lang='lat' dir='ltr'><strong>Gertz,</strong></span> <span class='ocrx_word' id='word_1_364' title='bbox 1003 4313 1085 4383; x_wconf 76' lang='lat' dir='ltr'><strong>uulqo</strong></span> <span class='ocrx_word' id='word_1_365' title='bbox 1099 4318 1173 4364; x_wconf 83' lang='lat' dir='ltr'><strong>cura?</strong></span> <span class='ocrx_word' id='word_1_366' title='bbox 1193 4331 1270 4368; x_wconf 85' lang='lat' dir='ltr'><strong>saxa.</strong></span> <span class='ocrx_word' id='word_1_367' title='bbox 1286 4356 1291 4368; x_wconf 92' lang='lat'><strong>.</strong></span> <span class='ocrx_word' id='word_1_368' title='bbox 1307 4356 1313 4368; x_wconf 90' lang='lat'><strong>.</strong></span> <span class='ocrx_word' id='word_1_369' title='bbox 1328 4332 1368 4364; x_wconf 86' lang='lat' dir='ltr'><strong>ex·</strong></span> 
     </span>
    </p>
   </div>
   <div class='ocr_carea' id='block_1_11' title="bbox 141 4402 1277 4526">
    <p class='ocr_par' dir='ltr' id='par_1_14' title="bbox 141 4402 1277 4526">
     <span class='ocr_line' id='line_1_38' title="bbox 141 4402 1277 4526; baseline -0.003 -18"><span class='ocrx_word' id='word_1_370' title='bbox 141 4461 234 4526; x_wconf 86' lang='lat' dir='ltr'><strong>cepturi</strong></span> <span class='ocrx_word' id='word_1_371' title='bbox 253 4475 351 4509; x_wconf 88' lang='lat' dir='ltr'><strong>summa</strong></span> <span class='ocrx_word' id='word_1_372' title='bbox 440 4458 473 4510; x_wconf 87' lang='grc'><strong>21</strong></span> <span class='ocrx_word' id='word_1_373' title='bbox 493 4454 566 4507; x_wconf 83' lang='lat' dir='ltr'><strong>&#39;causa</strong></span> <span class='ocrx_word' id='word_1_374' title='bbox 586 4460 611 4523; x_wconf 85' lang='lat' dir='ltr'><strong>(a</strong></span> <span class='ocrx_word' id='word_1_375' title='bbox 630 4467 701 4511; x_wconf 76' lang='lat' dir='ltr'><strong>extr.</strong></span> <span class='ocrx_word' id='word_1_376' title='bbox 722 4458 805 4524; x_wconf 80' lang='lat' dir='ltr'><strong>corr.)</strong></span> <span class='ocrx_word' id='word_1_377' title='bbox 897 4456 930 4508; x_wconf 81' lang='lat'><strong>24</strong></span> <span class='ocrx_word' id='word_1_378' title='bbox 950 4433 1086 4508; x_wconf 59' lang='lat' dir='ltr'><strong>etafraude</strong></span> <span class='ocrx_word' id='word_1_379' title='bbox 1175 4402 1277 4510; x_wconf 52' lang='lat' dir='ltr'><strong>thgpe</strong></span> 
     </span>
    </p>
   </div>
   <div class='ocr_carea' id='block_1_12' title="bbox 1101 4545 1153 4598">
    <p class='ocr_par' dir='ltr' id='par_1_15' title="bbox 1101 4545 1153 4598">
     <span class='ocr_line' id='line_1_39' title="bbox 1101 4545 1153 4598; baseline 0.019 -1"><span class='ocrx_word' id='word_1_380' title='bbox 1101 4545 1153 4598; x_wconf 83' lang='grc'><strong>16*</strong></span> 
     </span>
    </p>
   </div>
   <div class='ocr_carea' id='block_1_13' title="bbox 0 0 1542 5092">
    <p class='ocr_par' dir='ltr' id='par_1_16' title="bbox 0 0 1542 5092">
     <span class='ocr_line' id='line_1_40' title="bbox 0 0 1542 5092; baseline 0 0"><span class='ocrx_word' id='word_1_381' title='bbox 0 0 1542 5092; x_wconf 95' lang='lat' dir='ltr'><strong> </strong></span> 
     </span>
    </p>
   </div>
  </div>
 </body>
</html>
