3046 5092
200 335 261 398 132
415 328 491 369 ltlAL.
508 329 545 369 Vl.
574 329 616 369 AD
631 328 773 370 MARClAlll
790 329 829 368 DE
845 328 1088 370 CONSOLATIONE.
1118 330 1150 370 ll.
1169 329 1200 371 12.

197 477 227 538 in
250 474 367 549 tabem,
391 474 539 536 alimenta
562 483 706 535 metuens
729 496 794 548 sua,
817 495 950 554 quorum
977 475 1075 536 modo
1099 475 1205 556 inopia
1227 482 1427 548 extenuatur,

198 581 290 643 modo
313 582 402 661 copia
423 583 595 663 rumpitur,
618 582 731 643 anxiae
754 581 966 662 sollicitaeque
991 580 1123 655 tutelae,
1146 581 1277 662 precarii
1299 579 1430 661 spiritus

198 700 229 752 et
261 687 343 751 male
373 687 545 761 haerentiS,
578 708 673 770 quem
696 688 728 748 si
749 688 836 767 quod
855 688 1009 767 apparuit
1030 686 1201 769 periculum
1225 687 1466 770 repentinumt

197 807 256 859 eut
283 795 405 858 auditus
435 804 484 856 est
513 815 555 856 ex
586 796 746 885 inprouiso
769 816 865 857 sonus
889 795 1014 857 auribus
1038 796 1141 875 grauis
1164 795 1305 856 excutit:
1340 791 1427 855 solli·

172 905 340 967 icitudinis
371 923 497 983 semper
527 902 586 963 sibi
616 903 857 976 nutrimentum,
889 902 1036 964 uitiosum
1060 911 1093 963 et
1115 901 1227 963 inutile.
1274 901 1431 963 miramur

197 1013 228 1073 in
251 1011 314 1073 hoc
337 1019 489 1082 mortem,
513 1029 593 1090 quae
617 1010 706 1070 unius
729 1008 882 1088 singultus
905 1029 985 1090 opus
1009 1012 1076 1070 est?
1109 1008 1261 1090 numquid
1284 1006 1369 1069 enim
1394 1016 1431 1068 ut

199 1119 353 1190 concidat,
377 1117 482 1197 magni
506 1136 555 1177 res
579 1114 754 1179 molimenti
777 1120 844 1179 est?
869 1117 951 1178 odor
974 1114 1016 1179 illi
1038 1135 1195 1197 saporque
1218 1123 1251 1176 et
1273 1114 1430 1176 lassitudo

199 1233 232 1286 et
254 1223 358 1305 uigilia
380 1233 412 1286 et
436 1244 528 1285 umor
551 1231 584 1284 et
607 1223 697 1302 cibus
718 1232 750 1284 et
773 1225 838 1284 sine
861 1224 975 1304 q'uibus
998 1224 1103 1284 uiuere
1118 1243 1184 1283 non
1199 1230 1315 1303 potest,
1339 1243 1430 1284 mor-

199 1331 289 1393 tilera
310 1339 390 1392 sunt,
428 1350 629 1417 quocumque
652 1351 686 1392 se
710 1331 811 1392 mouit
833 1331 940 1392 statim
964 1329 1150 1392 infirmitatis
1165 1349 1240 1391 suae
1257 1329 1431 1403 conscium,

162 1461 186 1501 ιο
200 1459 264 1500 non
288 1457 384 1499 omne
407 1436 528 1500 caelum
553 1436 670 1512 serens,
697 1457 850 1518 aquarum
873 1437 1065 1499 nouitatibus
1089 1436 1227 1518 flatuq'ue
1250 1456 1315 1497 non
1338 1433 1431 1498 fami-

200 1545 280 1607 liaris
318 1556 425 1606 aurae*
444 1544 694 1635 etntenuissimis
725 1547 824 1605 causis
854 1552 949 1625 atque
980 1542 1204 1605 offensionibus
1235 1542 1434 1617 morbidum,

200 1662 301 1732 putre,
325 1652 509 1724 camanum,
533 1649 608 1712 fletu
632 1652 729 1712 uitam
753 1652 959 1733 auspicatum,
983 1626 1055 1712 cuin
1079 1651 1202 1712 interim
1225 1657 1365 1731 quantos
1381 1659 1432 1711 tu-

202 1757 317 1820 multus
348 1757 410 1820 hoc
441 1766 507 1819 tam
539 1766 758 1838 contemptum
787 1757 902 1819 animal
927 1761 1056 1819 mouet?
1087 1759 1118 1819 in
1149 1750 1283 1837 quantas
1307 1757 1432 1837 cogita-

201 1867 304 1928 tiones
327 1864 460 1927 oblitum
485 1863 675 1926 condicionis
699 1885 774 1926 suae
795 1865 900 1927 uenit?
932 1863 1123 1938 inmortalia,
1155 1872 1283 1926 aeterna
1306 1862 1434 1926 uolutat
1455 1862 1471 1916 5

163 1999 188 2039 u
203 1973 308 2035 animo
340 1981 372 2033 et
402 1972 432 2032 in
463 1980 597 2053 nepotes
625 1981 882 2053 pronepotesque
906 1972 1072 2052 disponit,.
1089 1991 1161 2033 cum
1185 1970 1308 2033 interim
1331 1969 1436 2051 longa

204 2087 373 2141 conantem
396 2097 469 2138 eum
493 2097 579 2138 mors
603 2079 753 2160 opprimit
775 2088 808 2139 et
831 2077 901 2152 hoc,
921 2080 1012 2159 ,quod
1028 2086 1173 2140 senectus
1188 2086 1328 2151 uocatur,
1353 2097 1433 2158 pau-

204 2186 401 2246 cissimorum
425 2185 568 2246 circuitus
592 2205 755 2246 annorum.
1164 2263 1169 2274 „

294 2291 361 2352 XII.
401 2289 504 2352 Dolor
525 2300 604 2363 tuus,
628 2292 654 2352 si
676 2293 776 2353 modo
799 2290 861 2362 ulla
880 2291 921 2354 illi
936 2292 1016 2353 ratio
1033 2300 1089 2367 est,
1113 2300 1219 2353 utrum
1234 2311 1292 2353 sua
1305 2299 1437 2372 spectat
1457 2290 1472 2342 1

205 2398 409 2461 incommoda
431 2418 471 2460 an
496 2398 560 2459 eius
583 2399 636 2480 qui
659 2398 813 2460 decessit?
845 2407 951 2460 utrum
975 2407 1008 2460 te
1030 2399 1062 2460 in
1084 2399 1200 2461 amisso
1223 2397 1301 2477 filio,
1310 2408 1435 2474 mouet,

165 2531 191 2571 ro
205 2506 291 2588 quod
315 2504 413 2567 nullas
432 2504 478 2568 'ex
501 2503 553 2568 illo
577 2506 756 2588 uoluptates
779 2507 897 2587 cepisti,
920 2527 960 2568 an
983 2506 1070 2588 quod
1094 2507 1243 2580 maioreS,
1265 2507 1291 2568 si
1315 2507 1435 2569 diutius

205 2614 347 2687 uixisset,
370 2613 531 2695 percipere
554 2613 702 2694 potuisti?
733 2613 758 2674 si
781 2611 880 2674 nullas
902 2613 1080 2694 percepisse
1103 2622 1136 2674 te
1158 2614 1291 2688 dixeris,
1314 2612 1433 2676 tolera-

204 2719 295 2781 bilius
317 2719 432 2782 eificies
455 2720 679 2782 detrimentum
703 2727 801 2781 tuum.
847 2720 948 2781 minus
975 2721 1059 2782 enim
1081 2720 1226 2783 homines
1249 2719 1436 2784 desiderant
1474 2721 1477 2725 ’

208 2915 219 2966 1
242 2916 318 2963 modo
332 2916 416 2979 inopia
430 2920 577 2975 extenuatur,
597 2916 673 2963 modo
686 2915 760 2978 copia
773 2915 891 2978 rumpitur
906 2911 1033 2983 Madet'p:
1055 2915 1156 2963 modum
1175 2915 1199 2964 in
1212 2916 1297 2980 iuopia
1310 2918 1436 2982 rumpitur

289 3003 313 3056 2·
325 3005 411 3067 aucxip
424 3004 556 3068 solliciteq;
577 3004 672 3067 tutele*
692 3019 793 3067 precare
882 3003 987 3068 precarii
1007 3000 1157 3056 deteriores
1241 3005 1256 3054 3
1274 3021 1323 3069 qua
1343 3022 1435 3070 parum

207 3093 357 3157 repentinum
384 3090 444 3145 eod.
469 3110 541 3158 quem
566 3094 586 3142 si
611 3092 677 3158 quod
702 3094 814 3158 apparuit
838 3093 972 3157 periculum
996 3082 1146 3157 repentinum
1166 3090 1255 3154 Koch,
1280 3093 1334 3146 nisi
1355 3092 1436 3163 forte

207 3198 279 3247 quem
298 3183 431 3246 periculum
450 3183 602 3246 repentinum
622 3190 648 3234 et
661 3187 760 3252 postea
779 3188 820 3231 aut
838 3182 933 3230 auditus
952 3198 981 3230 ex
999 3183 1124 3246 inprouiso
1143 3180 1298 3250 sufficiunt3
1319 3200 1397 3249 quem
1414 3185 1437 3234 si

208 3270 267 3334 quid
292 3272 405 3336 apparuit
429 3273 555 3336 repentino
583 3268 664 3324 Gertz
688 3288 760 3335 quem
786 3275 912 3335 petaurum
937 3272 1088 3335 repentinum
1115 3267 1230 3339 Maduip
1254 3288 1327 3336 quem
1354 3289 1437 3337 pauor

208 3361 346 3424 repentinus
364 3358 488 3430 ipsius,
512 3376 593 3430 qnam
617 3360 799 3413 coniecturam
822 3358 861 3412 ite
884 3376 945 3413 enm
969 3359 1142 3429 sequentibus
1166 3359 1309 3413 coniunxit
1327 3351 1437 3432 Haupt,

209 3453 238 3499 ret
255 3465 327 3514 quem
347 3465 425 3513 pauor
438 3451 576 3514 repentinus
595 3450 712 3500 cludit-et
729 3466 758 3499 ex
772 3451 907 3515 improuiso
919 3447 1051 3503 scriberet
1128 3448 1144 3501 4
1164 3451 1246 3500 audiet
1263 3467 1294 3499 ex
1306 3451 1437 3515 inprouiso

210 3535 269 3602 (sic,
288 3551 343 3589 nott
362 3541 384 3586 et
403 3539 539 3605 inprouiso)
559 3537 619 3591 cod.
640 3538 734 3588 auditus
754 3555 782 3587 ex
801 3540 926 3604 inprouiso
939 3535 1033 3591 Haase
1052 3545 1091 3587 aut
1108 3539 1203 3588 auditus
1216 3545 1250 3588 est
1263 3555 1292 3587 ex
1304 3540 1437 3604 inprouiso

212 3622 293 3678 Gertz
324 3632 364 3675 aut
393 3627 488 3675 auditus
511 3643 540 3677 ex
564 3628 689 3693 inprouiso
714 3624 829 3695 Maduip
954 3627 1125 3677 sollicitudinis
1148 3643 1243 3693 semper
1267 3628 1315 3677 sibi
1342 3624 1438 3692 Gertz,

210 3729 280 3782 ptrue
298 3714 453 3768 coniectura
472 3730 503 3768 eo
523 3715 711 3782 confirmatur,
739 3713 814 3785 quod
832 3714 922 3768 codex
940 3713 1021 3769 tabet
1037 3716 1093 3765 solli
1113 3732 1208 3781 semper
1227 3717 1287 3778 sibi,
1312 3731 1367 3768 non
1388 3718 1438 3767 soli

312 3837 327 3890 li
351 3840 468 3903 singultus
489 3838 595 3893 Haase:
621 3840 737 3905 singulius
844 3803 966 3890 nhumor
1037 3879 1040 3883 .
1075 3839 1107 3891 10
1131 3841 1259 3890 familiaris
1278 3856 1354 3890 aurae
1375 3839 1435 3893 3¹:

210 3930 338 4011 familiari}
357 3954 415 3986 aura
516 3938 549 3990 12
569 3940 706 3988 causarium
724 3936 787 3992 olim
806 3944 973 3991 correctum:
994 3954 1122 3987 causarum
1223 3938 1255 3991 l3
1275 3939 1370 3988 animal
1389 3936 1437 3993 de·

212 4035 324 4089 teriores
338 4035 437 4105 petrei:
459 4036 560 4084 animali
662 4036 696 4088 lb'
716 4037 918 4100 paucissimorum
938 4034 1126 4104 nescioquis:
1151 4036 1302 4100 paucissimo
1320 4036 1440 4104 circuitus

212 4141 309 4227 annoru
323 4177 382 4232 cod.
396 4185 514 4232 ceterum
530 4152 606 4247 qnod
619 4176 728 4232 Gertrio
741 4176 881 4248 displicuit
892 4178 1053 4230 seruientem
1065 4150 1148 4230 inerti
1156 4175 1293 4247 postponi,
1304 4175 1440 4231 habemus

212 4266 325 4321 eundern
351 4265 473 4320 ordinem
498 4268 525 4319 in
551 4266 627 4320 eiuro
648 4265 792 4338 Sophoclis
816 4267 923 4320 cantico
950 4264 1014 4320 Oed.
1036 4264 1096 4319 Cot·
1112 4268 1176 4319 1211
1199 4281 1258 4336 sqq.
1350 4266 1385 4319 19
1405 4284 1438 4317 an

213 4359 262 4406 eius
281 4372 351 4409 rinus
365 4356 544 4410 deteriorum:
565 4359 634 4407 anius
718 4359 742 4405 in
762 4359 854 4406 amisso
867 4353 957 4408 Koch:
979 4357 1003 4404 in
1017 4356 1093 4421 misso
1113 4356 1163 4423 (ita
1175 4353 1245 4418 eod,
1264 4370 1318 4408 non
1331 4357 1438 4426 amisso)

302 4445 336 4498 ‘20
355 4447 439 4511 cepisti
461 4444 515 4498 Iit:
537 4448 641 4512 cepisses
