<?xml version="1.0" encoding="UTF-8"?>
<!DOCTYPE html PUBLIC "-//W3C//DTD XHTML 1.0 Transitional//EN"
    "http://www.w3.org/TR/xhtml1/DTD/xhtml1-transitional.dtd">
<html xmlns="http://www.w3.org/1999/xhtml" xml:lang="en" lang="en">
 <head>
  <title>
</title>
<meta http-equiv="Content-Type" content="text/html;charset=utf-8" />
  <meta name='ocr-system' content='tesseract 3.04.00' />
  <meta name='ocr-capabilities' content='ocr_page ocr_carea ocr_par ocr_line ocrx_word'/>
</head>
<body>
  <div class='ocr_page' id='page_1' title='image "./lannaeisenecaed00vahlgoog_0257.png"; bbox 0 0 3046 5092; ppageno 0'>
   <div class='ocr_carea' id='block_1_1' title="bbox 245 347 1316 418">
    <p class='ocr_par' dir='ltr' id='par_1_1' title="bbox 245 347 1316 418">
     <span class='ocr_line' id='line_1_1' title="bbox 245 347 1316 418; baseline 0.002 -27"><span class='ocrx_word' id='word_1_1' title='bbox 245 357 308 418; x_wconf 77' lang='lat'>218</span> <span class='ocrx_word' id='word_1_2' title='bbox 395 351 473 394; x_wconf 82' lang='lat' dir='ltr'>DlAL.</span> <span class='ocrx_word' id='word_1_3' title='bbox 489 349 529 394; x_wconf 80' lang='lat' dir='ltr'>tx,</span> <span class='ocrx_word' id='word_1_4' title='bbox 559 351 600 391; x_wconf 82' lang='lat' dir='ltr'>AD</span> <span class='ocrx_word' id='word_1_5' title='bbox 615 349 757 392; x_wconf 81' lang='lat' dir='ltr'>SERENVM</span> <span class='ocrx_word' id='word_1_6' title='bbox 772 350 813 390; x_wconf 87' lang='lat' dir='ltr'>DE</span> <span class='ocrx_word' id='word_1_7' title='bbox 826 347 1092 401; x_wconf 82' lang='lat' dir='ltr'><strong>TRANQVILLITATE</strong></span> <span class='ocrx_word' id='word_1_8' title='bbox 1106 348 1204 392; x_wconf 73' lang='lat' dir='ltr'>ANIMI.</span> <span class='ocrx_word' id='word_1_9' title='bbox 1234 350 1266 392; x_wconf 80' lang='lat' dir='ltr'>lt.</span> <span class='ocrx_word' id='word_1_10' title='bbox 1283 351 1316 393; x_wconf 80' lang='grc' dir='ltr'>Π.</span> 
     </span>
    </p>
   </div>
   <div class='ocr_carea' id='block_1_2' title="bbox 121 495 1505 3447">
    <p class='ocr_par' dir='ltr' id='par_1_2' title="bbox 244 495 1472 577">
     <span class='ocr_line' id='line_1_2' title="bbox 244 495 1472 577; baseline -0.002 -19"><span class='ocrx_word' id='word_1_11' title='bbox 244 499 305 559; x_wconf 92' lang='lat' dir='ltr'>iam</span> <span class='ocrx_word' id='word_1_12' title='bbox 322 496 437 577; x_wconf 91' lang='lat' dir='ltr'>aliquid</span> <span class='ocrx_word' id='word_1_13' title='bbox 453 495 578 559; x_wconf 86' lang='lat' dir='ltr'>fortuna</span> <span class='ocrx_word' id='word_1_14' title='bbox 594 505 711 577; x_wconf 90' lang='lat' dir='ltr'>posset.</span> <span class='ocrx_word' id='word_1_15' title='bbox 735 495 982 558; x_wconf 82' lang='lat' dir='ltr'>subducentibus</span> <span class='ocrx_word' id='word_1_16' title='bbox 996 516 1074 557; x_wconf 87' lang='lat' dir='ltr'>uero</span> <span class='ocrx_word' id='word_1_17' title='bbox 1090 515 1125 559; x_wconf 91' lang='lat' dir='ltr'>se</span> <span class='ocrx_word' id='word_1_18' title='bbox 1140 504 1173 557; x_wconf 93' lang='lat' dir='ltr'>et</span> <span class='ocrx_word' id='word_1_19' title='bbox 1188 495 1219 556; x_wconf 92' lang='lat' dir='ltr'>in</span> <span class='ocrx_word' id='word_1_20' title='bbox 1235 496 1303 576; x_wconf 91' lang='lat' dir='ltr'>ipsa</span> <span class='ocrx_word' id='word_1_21' title='bbox 1313 503 1418 556; x_wconf 90' lang='lat' dir='ltr'>morte</span> <span class='ocrx_word' id='word_1_22' title='bbox 1428 495 1472 558; x_wconf 91' lang='lat' dir='ltr'>ad</span> 
     </span>
    </p>

    <p class='ocr_par' dir='ltr' id='par_1_3' title="bbox 185 591 1505 1110">
     <span class='ocr_line' id='line_1_3' title="bbox 185 591 1505 689; baseline 0.002 -24"><span class='ocrx_word' id='word_1_23' title='bbox 185 591 191 603; x_wconf 74' lang='grc'>’</span> <span class='ocrx_word' id='word_1_24' title='bbox 243 605 341 665; x_wconf 90' lang='lat' dir='ltr'>uitam</span> <span class='ocrx_word' id='word_1_25' title='bbox 365 603 614 684; x_wconf 83' lang='lat' dir='ltr'>respectantibus</span> <span class='ocrx_word' id='word_1_26' title='bbox 630 622 741 665; x_wconf 88' lang='lat' dir='ltr'>manus</span> <span class='ocrx_word' id='word_1_27' title='bbox 756 602 930 689; x_wconf 82' lang='lat' dir='ltr'>iniciendae</span> <span class='ocrx_word' id='word_1_28' title='bbox 945 612 1025 666; x_wconf 87' lang='lat' dir='ltr'>sunt.</span> <span class='ocrx_word' id='word_1_29' title='bbox 1064 601 1222 663; x_wconf 88' lang='lat' dir='ltr'>neminem</span> <span class='ocrx_word' id='word_1_30' title='bbox 1238 600 1326 662; x_wconf 88' lang='lat' dir='ltr'>flebo</span> <span class='ocrx_word' id='word_1_31' title='bbox 1341 600 1505 675; x_wconf 70' lang='lat' dir='ltr'>laetuml</span> 
     </span>
     <span class='ocr_line' id='line_1_4' title="bbox 243 705 1471 791; baseline -0.002 -20"><span class='ocrx_word' id='word_1_32' title='bbox 243 711 402 772; x_wconf 88' lang='lat' dir='ltr'>neminem</span> <span class='ocrx_word' id='word_1_33' title='bbox 423 708 571 778; x_wconf 80' lang='lat' dir='ltr'>flentem:</span> <span class='ocrx_word' id='word_1_34' title='bbox 602 708 652 770; x_wconf 92' lang='lat' dir='ltr'>ille</span> <span class='ocrx_word' id='word_1_35' title='bbox 673 707 815 770; x_wconf 84' lang='lat' dir='ltr'>lacrimas</span> <span class='ocrx_word' id='word_1_36' title='bbox 831 728 919 771; x_wconf 90' lang='lat' dir='ltr'>meas</span> <span class='ocrx_word' id='word_1_37' title='bbox 934 710 1001 791; x_wconf 92' lang='lat' dir='ltr'>ipse</span> <span class='ocrx_word' id='word_1_38' title='bbox 1016 708 1171 791; x_wconf 90' lang='lat' dir='ltr'>apstersit,</span> <span class='ocrx_word' id='word_1_39' title='bbox 1191 705 1243 769; x_wconf 91' lang='lat' dir='ltr'>hic</span> <span class='ocrx_word' id='word_1_40' title='bbox 1256 707 1320 770; x_wconf 89' lang='lat' dir='ltr'>suis</span> <span class='ocrx_word' id='word_1_41' title='bbox 1335 707 1471 769; x_wconf 86' lang='lat' dir='ltr'>lacrimis</span> 
     </span>
     <span class='ocr_line' id='line_1_5' title="bbox 245 813 1472 903; baseline -0.002 -26"><span class='ocrx_word' id='word_1_42' title='bbox 245 815 355 890; x_wconf 83' lang='lat' dir='ltr'>effecit,</span> <span class='ocrx_word' id='word_1_43' title='bbox 372 836 412 876; x_wconf 93' lang='lat' dir='ltr'>ne</span> <span class='ocrx_word' id='word_1_44' title='bbox 428 813 496 876; x_wconf 90' lang='lat' dir='ltr'>ullis</span> <span class='ocrx_word' id='word_1_45' title='bbox 512 814 625 895; x_wconf 88' lang='lat' dir='ltr'>dignus</span> <span class='ocrx_word' id='word_1_46' title='bbox 641 817 695 877; x_wconf 67' lang='lat' dir='ltr'>sit„</span> <span class='ocrx_word' id='word_1_47' title='bbox 713 834 775 895; x_wconf 85' lang='lat' dir='ltr'>ego</span> <span class='ocrx_word' id='word_1_48' title='bbox 784 814 954 877; x_wconf 88' lang='lat' dir='ltr'>Herculem</span> <span class='ocrx_word' id='word_1_49' title='bbox 970 814 1073 888; x_wconf 88' lang='lat' dir='ltr'>fleam,</span> <span class='ocrx_word' id='word_1_50' title='bbox 1089 814 1177 894; x_wconf 92' lang='lat' dir='ltr'>quod</span> <span class='ocrx_word' id='word_1_51' title='bbox 1192 815 1281 875; x_wconf 92' lang='lat' dir='ltr'>uiuus</span> <span class='ocrx_word' id='word_1_52' title='bbox 1294 813 1401 903; x_wconf 84' lang='lat' dir='ltr'>uritur,</span> <span class='ocrx_word' id='word_1_53' title='bbox 1416 822 1472 876; x_wconf 89' lang='lat' dir='ltr'>aut</span> 
     </span>
     <span class='ocr_line' id='line_1_6' title="bbox 217 919 1470 1002; baseline 0.006 -25"><span class='ocrx_word' id='word_1_54' title='bbox 217 920 419 1002; x_wconf 80' lang='lat' dir='ltr'>iRegulum‚</span> <span class='ocrx_word' id='word_1_55' title='bbox 443 921 529 1002; x_wconf 93' lang='lat' dir='ltr'>quod</span> <span class='ocrx_word' id='word_1_56' title='bbox 553 928 603 983; x_wconf 93' lang='lat' dir='ltr'>tot</span> <span class='ocrx_word' id='word_1_57' title='bbox 627 921 722 982; x_wconf 89' lang='lat' dir='ltr'>clauis</span> <span class='ocrx_word' id='word_1_58' title='bbox 745 921 926 1002; x_wconf 84' lang='lat' dir='ltr'>configitur,</span> <span class='ocrx_word' id='word_1_59' title='bbox 950 930 1005 983; x_wconf 90' lang='lat' dir='ltr'>aut</span> <span class='ocrx_word' id='word_1_60' title='bbox 1030 919 1203 994; x_wconf 89' lang='lat' dir='ltr'>Catonem,</span> <span class='ocrx_word' id='word_1_61' title='bbox 1227 920 1316 1001; x_wconf 95' lang='lat' dir='ltr'>quod</span> <span class='ocrx_word' id='word_1_62' title='bbox 1339 919 1470 984; x_wconf 90' lang='lat' dir='ltr'>uolnera</span> 
     </span>
     <span class='ocr_line' id='line_1_7' title="bbox 242 1025 1469 1110; baseline 0.001 -22"><span class='ocrx_word' id='word_1_63' title='bbox 242 1028 334 1090; x_wconf 89' lang='lat' dir='ltr'>iterat</span> <span class='ocrx_word' id='word_1_64' title='bbox 357 1031 433 1089; x_wconf 88' lang='lat' dir='ltr'>sua?</span> <span class='ocrx_word' id='word_1_65' title='bbox 463 1048 584 1110; x_wconf 86' lang='lat' dir='ltr'>omnes</span> <span class='ocrx_word' id='word_1_66' title='bbox 608 1027 658 1090; x_wconf 92' lang='lat' dir='ltr'>isti</span> <span class='ocrx_word' id='word_1_67' title='bbox 680 1025 740 1088; x_wconf 92' lang='lat' dir='ltr'>leui</span> <span class='ocrx_word' id='word_1_68' title='bbox 763 1028 916 1108; x_wconf 89' lang='lat' dir='ltr'>temporis</span> <span class='ocrx_word' id='word_1_69' title='bbox 938 1030 1070 1108; x_wconf 93' lang='lat' dir='ltr'>inpensa</span> <span class='ocrx_word' id='word_1_70' title='bbox 1085 1027 1278 1101; x_wconf 89' lang='lat' dir='ltr'>inuenerunt,</span> <span class='ocrx_word' id='word_1_71' title='bbox 1302 1029 1469 1107; x_wconf 92' lang='lat' dir='ltr'>quomodo</span> 
     </span>
    </p>

    <p class='ocr_par' dir='ltr' id='par_1_4' title="bbox 243 1132 1377 1221">
     <span class='ocr_line' id='line_1_8' title="bbox 243 1132 1377 1221; baseline -0.002 -26"><span class='ocrx_word' id='word_1_72' title='bbox 243 1137 361 1197; x_wconf 88' lang='lat' dir='ltr'>aeterni</span> <span class='ocrx_word' id='word_1_73' title='bbox 384 1132 504 1209; x_wconf 89' lang='lat' dir='ltr'>fierent,</span> <span class='ocrx_word' id='word_1_74' title='bbox 528 1144 560 1196; x_wconf 90' lang='lat' dir='ltr'>et</span> <span class='ocrx_word' id='word_1_75' title='bbox 583 1134 625 1196; x_wconf 88' lang='lat' dir='ltr'>ad</span> <span class='ocrx_word' id='word_1_76' title='bbox 648 1132 905 1221; x_wconf 85' lang='lat' dir='ltr'>inmortalitatem</span> <span class='ocrx_word' id='word_1_77' title='bbox 930 1134 1096 1195; x_wconf 89' lang='lat' dir='ltr'>moriendo</span> <span class='ocrx_word' id='word_1_78' title='bbox 1120 1141 1281 1194; x_wconf 81' lang='lat' dir='ltr'>uenerunt</span> <span class='ocrx_word' id='word_1_79' title='bbox 1375 1140 1377 1145; x_wconf 83' lang='grc'>’</span> 
     </span>
    </p>

    <p class='ocr_par' dir='ltr' id='par_1_5' title="bbox 121 1222 1496 1960">
     <span class='ocr_line' id='line_1_9' title="bbox 331 1222 1496 1315; baseline 0.001 -13"><span class='ocrx_word' id='word_1_80' title='bbox 331 1241 434 1303; x_wconf 85' lang='lat' dir='ltr'>xvii.</span> <span class='ocrx_word' id='word_1_81' title='bbox 452 1222 525 1303; x_wconf 78' lang='lat' dir='ltr'>&#39;Est</span> <span class='ocrx_word' id='word_1_82' title='bbox 548 1251 580 1303; x_wconf 81' lang='lat' dir='ltr'>et</span> <span class='ocrx_word' id='word_1_83' title='bbox 602 1238 653 1301; x_wconf 77' lang='lat' dir='ltr'>iiia</span> <span class='ocrx_word' id='word_1_84' title='bbox 676 1224 917 1302; x_wconf 72' lang='lat' dir='ltr'>sollicitudinum</span> <span class='ocrx_word' id='word_1_85' title='bbox 941 1260 1006 1301; x_wconf 78' lang='lat' dir='ltr'>non</span> <span class='ocrx_word' id='word_1_86' title='bbox 1029 1239 1197 1302; x_wconf 74' lang='lat' dir='ltr'>mediocris</span> <span class='ocrx_word' id='word_1_87' title='bbox 1220 1240 1364 1315; x_wconf 74' lang='lat' dir='ltr'>materia,</span> <span class='ocrx_word' id='word_1_88' title='bbox 1388 1241 1415 1302; x_wconf 85' lang='lat' dir='ltr'>si</span> <span class='ocrx_word' id='word_1_89' title='bbox 1437 1251 1496 1303; x_wconf 79' lang='lat' dir='ltr'>tei</span> 
     </span>
     <span class='ocr_line' id='line_1_10' title="bbox 242 1338 1467 1429; baseline -0.001 -20"><span class='ocrx_word' id='word_1_90' title='bbox 242 1348 336 1410; x_wconf 87' lang='lat' dir='ltr'>anxie</span> <span class='ocrx_word' id='word_1_91' title='bbox 371 1367 532 1429; x_wconf 91' lang='lat' dir='ltr'>conponas</span> <span class='ocrx_word' id='word_1_92' title='bbox 563 1366 621 1408; x_wconf 90' lang='lat' dir='ltr'>nec</span> <span class='ocrx_word' id='word_1_93' title='bbox 651 1344 719 1407; x_wconf 89' lang='lat' dir='ltr'>ullis</span> <span class='ocrx_word' id='word_1_94' title='bbox 749 1338 929 1427; x_wconf 89' lang='lat' dir='ltr'>simpliciter</span> <span class='ocrx_word' id='word_1_95' title='bbox 959 1346 1126 1419; x_wconf 57' lang='lat' dir='ltr'>ostendas</span> <span class='ocrx_word' id='word_1_96' title='bbox 1165 1343 1265 1426; x_wconf 88' lang='lat' dir='ltr'>qualis</span> <span class='ocrx_word' id='word_1_97' title='bbox 1295 1345 1467 1408; x_wconf 89' lang='lat' dir='ltr'>multorum</span> 
     </span>
     <span class='ocr_line' id='line_1_11' title="bbox 121 1447 1466 1534; baseline -0.001 -19"><span class='ocrx_word' id='word_1_98' title='bbox 121 1447 124 1464; x_wconf 77' lang='lat'><em>¹</em></span> <span class='ocrx_word' id='word_1_99' title='bbox 204 1468 228 1507; x_wconf 88' lang='lat'>¹⁰</span> <span class='ocrx_word' id='word_1_100' title='bbox 242 1454 307 1515; x_wconf 91' lang='lat' dir='ltr'>uita</span> <span class='ocrx_word' id='word_1_101' title='bbox 327 1462 383 1528; x_wconf 88' lang='lat' dir='ltr'>est,</span> <span class='ocrx_word' id='word_1_102' title='bbox 406 1452 488 1528; x_wconf 82' lang='lat' dir='ltr'>ficta,</span> <span class='ocrx_word' id='word_1_103' title='bbox 512 1455 715 1516; x_wconf 89' lang='lat' dir='ltr'>ostentationi</span> <span class='ocrx_word' id='word_1_104' title='bbox 731 1461 849 1534; x_wconf 91' lang='lat' dir='ltr'>parata.</span> <span class='ocrx_word' id='word_1_105' title='bbox 894 1459 1023 1534; x_wconf 90' lang='lat' dir='ltr'>torquet</span> <span class='ocrx_word' id='word_1_106' title='bbox 1038 1453 1121 1523; x_wconf 93' lang='lat' dir='ltr'>enim</span> <span class='ocrx_word' id='word_1_107' title='bbox 1138 1452 1270 1513; x_wconf 89' lang='lat' dir='ltr'>adsidua</span> <span class='ocrx_word' id='word_1_108' title='bbox 1285 1452 1466 1516; x_wconf 86' lang='lat' dir='ltr'>obseruatio</span> 
     </span>
     <span class='ocr_line' id='line_1_12' title="bbox 242 1558 1466 1642; baseline -0.002 -21"><span class='ocrx_word' id='word_1_109' title='bbox 242 1563 290 1622; x_wconf 90' lang='lat' dir='ltr'>sui</span> <span class='ocrx_word' id='word_1_110' title='bbox 312 1569 344 1621; x_wconf 90' lang='lat' dir='ltr'>et</span> <span class='ocrx_word' id='word_1_111' title='bbox 368 1560 520 1642; x_wconf 89' lang='lat' dir='ltr'>deprendi</span> <span class='ocrx_word' id='word_1_112' title='bbox 543 1558 631 1621; x_wconf 87' lang='lat' dir='ltr'>aliter</span> <span class='ocrx_word' id='word_1_113' title='bbox 653 1580 691 1621; x_wconf 89' lang='lat' dir='ltr'>ac</span> <span class='ocrx_word' id='word_1_114' title='bbox 714 1559 805 1635; x_wconf 87' lang='lat' dir='ltr'>solet,</span> <span class='ocrx_word' id='word_1_115' title='bbox 828 1560 950 1634; x_wconf 87' lang='lat' dir='ltr'>metuit,</span> <span class='ocrx_word' id='word_1_116' title='bbox 972 1579 1031 1620; x_wconf 90' lang='lat' dir='ltr'>nec</span> <span class='ocrx_word' id='word_1_117' title='bbox 1050 1577 1202 1640; x_wconf 91' lang='lat' dir='ltr'>umquam</span> <span class='ocrx_word' id='word_1_118' title='bbox 1218 1578 1292 1620; x_wconf 87' lang='lat' dir='ltr'>cura</span> <span class='ocrx_word' id='word_1_119' title='bbox 1308 1558 1466 1634; x_wconf 90' lang='lat' dir='ltr'>soluimur‚</span> 
     </span>
     <span class='ocr_line' id='line_1_13' title="bbox 242 1664 1467 1748; baseline 0.002 -22"><span class='ocrx_word' id='word_1_120' title='bbox 242 1664 295 1727; x_wconf 93' lang='lat' dir='ltr'>ubi</span> <span class='ocrx_word' id='word_1_121' title='bbox 318 1667 433 1727; x_wconf 89' lang='lat' dir='ltr'>totiens</span> <span class='ocrx_word' id='word_1_122' title='bbox 457 1686 516 1727; x_wconf 89' lang='lat' dir='ltr'>nos</span> <span class='ocrx_word' id='word_1_123' title='bbox 536 1667 693 1728; x_wconf 92' lang='lat' dir='ltr'>aestimari</span> <span class='ocrx_word' id='word_1_124' title='bbox 713 1674 869 1747; x_wconf 90' lang='lat' dir='ltr'>putamus,</span> <span class='ocrx_word' id='word_1_125' title='bbox 893 1666 1038 1748; x_wconf 88' lang='lat' dir='ltr'>quotiens</span> <span class='ocrx_word' id='word_1_126' title='bbox 1054 1665 1181 1746; x_wconf 70' lang='lat' dir='ltr'>adspici,</span> <span class='ocrx_word' id='word_1_127' title='bbox 1227 1673 1353 1727; x_wconf 91' lang='lat' dir='ltr'>namet</span> <span class='ocrx_word' id='word_1_128' title='bbox 1371 1664 1467 1728; x_wconf 91' lang='lat' dir='ltr'>multa</span> 
     </span>
     <span class='ocr_line' id='line_1_14' title="bbox 241 1765 1464 1854; baseline -0.002 -20"><span class='ocrx_word' id='word_1_129' title='bbox 241 1773 396 1847; x_wconf 89' lang='lat' dir='ltr'>incidunt,</span> <span class='ocrx_word' id='word_1_130' title='bbox 420 1793 502 1854; x_wconf 91' lang='lat' dir='ltr'>quae</span> <span class='ocrx_word' id='word_1_131' title='bbox 524 1773 638 1834; x_wconf 92' lang='lat' dir='ltr'>inuitos</span> <span class='ocrx_word' id='word_1_132' title='bbox 662 1765 840 1847; x_wconf 86' lang='lat' dir='ltr'>denudent,</span> <span class='ocrx_word' id='word_1_133' title='bbox 864 1781 911 1847; x_wconf 89' lang='lat' dir='ltr'>et,</span> <span class='ocrx_word' id='word_1_134' title='bbox 935 1780 970 1834; x_wconf 92' lang='lat' dir='ltr'>ut</span> <span class='ocrx_word' id='word_1_135' title='bbox 993 1771 1075 1833; x_wconf 88' lang='lat' dir='ltr'>bene</span> <span class='ocrx_word' id='word_1_136' title='bbox 1098 1772 1192 1834; x_wconf 89' lang='lat' dir='ltr'>cedat</span> <span class='ocrx_word' id='word_1_137' title='bbox 1214 1779 1305 1834; x_wconf 90' lang='lat' dir='ltr'>tanta</span> <span class='ocrx_word' id='word_1_138' title='bbox 1327 1771 1376 1833; x_wconf 89' lang='lat' dir='ltr'>sui</span> <span class='ocrx_word' id='word_1_139' title='bbox 1401 1770 1464 1833; x_wconf 90' lang='lat' dir='ltr'>dili-</span> 
     </span>
     <span class='ocr_line' id='line_1_15' title="bbox 241 1877 1466 1960; baseline 0 -20"><span class='ocrx_word' id='word_1_140' title='bbox 241 1880 357 1958; x_wconf 87' lang='lat' dir='ltr'>gentia,</span> <span class='ocrx_word' id='word_1_141' title='bbox 380 1899 444 1940; x_wconf 92' lang='lat' dir='ltr'>non</span> <span class='ocrx_word' id='word_1_142' title='bbox 467 1888 575 1941; x_wconf 89' lang='lat' dir='ltr'>tamen</span> <span class='ocrx_word' id='word_1_143' title='bbox 598 1878 733 1940; x_wconf 89' lang='lat' dir='ltr'>iucunda</span> <span class='ocrx_word' id='word_1_144' title='bbox 755 1879 819 1940; x_wconf 93' lang='lat' dir='ltr'>uita</span> <span class='ocrx_word' id='word_1_145' title='bbox 842 1888 1027 1941; x_wconf 85' lang='lat' dir='ltr'>autsecura</span> <span class='ocrx_word' id='word_1_146' title='bbox 1042 1879 1091 1940; x_wconf 87' lang='lat' dir='ltr'>est</span> <span class='ocrx_word' id='word_1_147' title='bbox 1106 1897 1233 1960; x_wconf 89' lang='lat' dir='ltr'>semper</span> <span class='ocrx_word' id='word_1_148' title='bbox 1248 1877 1310 1939; x_wconf 93' lang='lat' dir='ltr'>sub</span> <span class='ocrx_word' id='word_1_149' title='bbox 1330 1898 1466 1958; x_wconf 82' lang='lat' dir='ltr'>persona</span> 
     </span>
    </p>

    <p class='ocr_par' dir='ltr' id='par_1_6' title="bbox 167 1982 1494 2704">
     <span class='ocr_line' id='line_1_16' title="bbox 205 1982 1494 2066; baseline 0.001 -20"><span class='ocrx_word' id='word_1_150' title='bbox 205 2001 227 2040; x_wconf 73' lang='grc'>15</span> <span class='ocrx_word' id='word_1_151' title='bbox 241 1986 421 2047; x_wconf 91' lang='lat' dir='ltr'>uiuentium.</span> <span class='ocrx_word' id='word_1_152' title='bbox 471 1994 505 2047; x_wconf 92' lang='lat' dir='ltr'>at</span> <span class='ocrx_word' id='word_1_153' title='bbox 535 1983 587 2046; x_wconf 93' lang='lat' dir='ltr'>illa</span> <span class='ocrx_word' id='word_1_154' title='bbox 617 1994 770 2065; x_wconf 90' lang='lat' dir='ltr'>quantum</span> <span class='ocrx_word' id='word_1_155' title='bbox 801 1984 899 2047; x_wconf 90' lang='lat' dir='ltr'>habet</span> <span class='ocrx_word' id='word_1_156' title='bbox 930 1983 1100 2066; x_wconf 85' lang='lat' dir='ltr'>uoluptatis</span> <span class='ocrx_word' id='word_1_157' title='bbox 1131 1982 1251 2045; x_wconf 87' lang='lat' dir='ltr'>sincera</span> <span class='ocrx_word' id='word_1_158' title='bbox 1281 1991 1315 2045; x_wconf 92' lang='lat' dir='ltr'>et</span> <span class='ocrx_word' id='word_1_159' title='bbox 1345 2004 1404 2065; x_wconf 90' lang='lat' dir='ltr'>per</span> <span class='ocrx_word' id='word_1_160' title='bbox 1433 1995 1494 2047; x_wconf 83' lang='lat' dir='ltr'>se2</span> 
     </span>
     <span class='ocr_line' id='line_1_17' title="bbox 240 2089 1466 2174; baseline -0.001 -21"><span class='ocrx_word' id='word_1_161' title='bbox 240 2101 352 2154; x_wconf 89' lang='lat' dir='ltr'>omata</span> <span class='ocrx_word' id='word_1_162' title='bbox 381 2091 579 2174; x_wconf 73' lang='lat' dir='ltr'>simplicitaS,</span> <span class='ocrx_word' id='word_1_163' title='bbox 610 2089 684 2153; x_wconf 87' lang='lat' dir='ltr'>nihil</span> <span class='ocrx_word' id='word_1_164' title='bbox 707 2091 887 2154; x_wconf 89' lang='lat' dir='ltr'>obtendens</span> <span class='ocrx_word' id='word_1_165' title='bbox 910 2090 1052 2153; x_wconf 87' lang='lat' dir='ltr'>moribus</span> <span class='ocrx_word' id='word_1_166' title='bbox 1075 2091 1157 2152; x_wconf 85' lang='lat' dir='ltr'>suis?</span> <span class='ocrx_word' id='word_1_167' title='bbox 1195 2089 1280 2152; x_wconf 91' lang='lat' dir='ltr'>subit</span> <span class='ocrx_word' id='word_1_168' title='bbox 1303 2098 1413 2154; x_wconf 87' lang='lat' dir='ltr'>tamen</span> <span class='ocrx_word' id='word_1_169' title='bbox 1436 2099 1466 2153; x_wconf 89' lang='lat' dir='ltr'>et</span> 
     </span>
     <span class='ocr_line' id='line_1_18' title="bbox 229 2195 1466 2280; baseline 0.002 -22"><span class='ocrx_word' id='word_1_170' title='bbox 229 2196 319 2259; x_wconf 92' lang='lat' dir='ltr'>·haec</span> <span class='ocrx_word' id='word_1_171' title='bbox 349 2197 413 2259; x_wconf 91' lang='lat' dir='ltr'>uita</span> <span class='ocrx_word' id='word_1_172' title='bbox 436 2207 639 2279; x_wconf 90' lang='lat' dir='ltr'>contemptus</span> <span class='ocrx_word' id='word_1_173' title='bbox 662 2197 850 2278; x_wconf 89' lang='lat' dir='ltr'>periculum,</span> <span class='ocrx_word' id='word_1_174' title='bbox 881 2198 906 2259; x_wconf 91' lang='lat' dir='ltr'>si</span> <span class='ocrx_word' id='word_1_175' title='bbox 930 2198 1036 2259; x_wconf 91' lang='lat' dir='ltr'>omnia</span> <span class='ocrx_word' id='word_1_176' title='bbox 1060 2195 1207 2259; x_wconf 89' lang='lat' dir='ltr'>omnibus</span> <span class='ocrx_word' id='word_1_177' title='bbox 1229 2204 1349 2280; x_wconf 89' lang='lat' dir='ltr'>patent.</span> <span class='ocrx_word' id='word_1_178' title='bbox 1396 2207 1466 2260; x_wconf 90' lang='lat' dir='ltr'>sunt</span> 
     </span>
     <span class='ocr_line' id='line_1_19' title="bbox 167 2284 1466 2387; baseline 0.002 -24"><span class='ocrx_word' id='word_1_179' title='bbox 167 2284 169 2288; x_wconf 10' lang='grc' dir='ltr'><em>Α</em></span> <span class='ocrx_word' id='word_1_180' title='bbox 240 2304 322 2364; x_wconf 93' lang='lat' dir='ltr'>enim</span> <span class='ocrx_word' id='word_1_181' title='bbox 343 2289 406 2383; x_wconf 50' lang='lat' dir='ltr'>¹qui</span> <span class='ocrx_word' id='word_1_182' title='bbox 436 2302 611 2378; x_wconf 84' lang='lat' dir='ltr'>fastidiant,</span> <span class='ocrx_word' id='word_1_183' title='bbox 643 2305 794 2386; x_wconf 92' lang='lat' dir='ltr'>quidquid</span> <span class='ocrx_word' id='word_1_184' title='bbox 824 2306 954 2387; x_wconf 88' lang='lat' dir='ltr'>propius</span> <span class='ocrx_word' id='word_1_185' title='bbox 984 2305 1138 2366; x_wconf 88' lang='lat' dir='ltr'>adierunt.</span> <span class='ocrx_word' id='word_1_186' title='bbox 1183 2303 1241 2364; x_wconf 89' lang='lat' dir='ltr'>sed</span> <span class='ocrx_word' id='word_1_187' title='bbox 1272 2323 1332 2365; x_wconf 92' lang='lat' dir='ltr'>nec</span> <span class='ocrx_word' id='word_1_188' title='bbox 1364 2303 1466 2366; x_wconf 89' lang='lat' dir='ltr'>uirtuti</span> 
     </span>
     <span class='ocr_line' id='line_1_20' title="bbox 239 2408 1464 2491; baseline 0.001 -20"><span class='ocrx_word' id='word_1_189' title='bbox 239 2408 410 2491; x_wconf 88' lang='lat' dir='ltr'>periculum</span> <span class='ocrx_word' id='word_1_190' title='bbox 435 2418 498 2485; x_wconf 89' lang='lat' dir='ltr'>est,</span> <span class='ocrx_word' id='word_1_191' title='bbox 530 2430 569 2471; x_wconf 91' lang='lat' dir='ltr'>ne</span> <span class='ocrx_word' id='word_1_192' title='bbox 592 2411 724 2472; x_wconf 91' lang='lat' dir='ltr'>admota</span> <span class='ocrx_word' id='word_1_193' title='bbox 747 2410 845 2473; x_wconf 91' lang='lat' dir='ltr'>oculis</span> <span class='ocrx_word' id='word_1_194' title='bbox 868 2408 1048 2484; x_wconf 87' lang='lat' dir='ltr'>reuilescat,</span> <span class='ocrx_word' id='word_1_195' title='bbox 1072 2417 1104 2472; x_wconf 90' lang='lat' dir='ltr'>et</span> <span class='ocrx_word' id='word_1_196' title='bbox 1126 2411 1224 2471; x_wconf 90' lang='lat' dir='ltr'>satius</span> <span class='ocrx_word' id='word_1_197' title='bbox 1247 2418 1297 2471; x_wconf 90' lang='lat' dir='ltr'>est</span> <span class='ocrx_word' id='word_1_198' title='bbox 1319 2408 1464 2490; x_wconf 90' lang='lat' dir='ltr'>simplici-</span> 
     </span>
     <span class='ocr_line' id='line_1_21' title="bbox 200 2510 1465 2597; baseline 0 -19"><span class='ocrx_word' id='word_1_199' title='bbox 200 2531 226 2570; x_wconf 78' lang='lat'>20</span> <span class='ocrx_word' id='word_1_200' title='bbox 240 2523 307 2578; x_wconf 91' lang='lat' dir='ltr'>tate</span> <span class='ocrx_word' id='word_1_201' title='bbox 331 2517 490 2578; x_wconf 91' lang='lat' dir='ltr'>contemni</span> <span class='ocrx_word' id='word_1_202' title='bbox 514 2536 609 2597; x_wconf 91' lang='lat' dir='ltr'>quam</span> <span class='ocrx_word' id='word_1_203' title='bbox 630 2525 783 2597; x_wconf 89' lang='lat' dir='ltr'>perpetua</span> <span class='ocrx_word' id='word_1_204' title='bbox 798 2515 997 2579; x_wconf 91' lang='lat' dir='ltr'>simulatione</span> <span class='ocrx_word' id='word_1_205' title='bbox 1013 2516 1161 2597; x_wconf 89' lang='lat' dir='ltr'>torqueri.</span> <span class='ocrx_word' id='word_1_206' title='bbox 1208 2510 1342 2576; x_wconf 86' lang='lat' dir='ltr'>modum</span> <span class='ocrx_word' id='word_1_207' title='bbox 1358 2523 1465 2578; x_wconf 87' lang='lat' dir='ltr'>tamen</span> 
     </span>
     <span class='ocr_line' id='line_1_22' title="bbox 240 2621 1465 2704; baseline 0.002 -21"><span class='ocrx_word' id='word_1_208' title='bbox 240 2624 283 2684; x_wconf 89' lang='lat' dir='ltr'>rei</span> <span class='ocrx_word' id='word_1_209' title='bbox 307 2621 534 2684; x_wconf 90' lang='lat' dir='ltr'>adhibeamus:</span> <span class='ocrx_word' id='word_1_210' title='bbox 569 2622 702 2684; x_wconf 90' lang='lat' dir='ltr'>multum</span> <span class='ocrx_word' id='word_1_211' title='bbox 725 2623 863 2698; x_wconf 89' lang='lat' dir='ltr'>interest,</span> <span class='ocrx_word' id='word_1_212' title='bbox 887 2622 1068 2704; x_wconf 92' lang='lat' dir='ltr'>simpliciter</span> <span class='ocrx_word' id='word_1_213' title='bbox 1087 2621 1174 2683; x_wconf 92' lang='lat' dir='ltr'>uiuas</span> <span class='ocrx_word' id='word_1_214' title='bbox 1194 2641 1235 2683; x_wconf 91' lang='lat' dir='ltr'>an</span> <span class='ocrx_word' id='word_1_215' title='bbox 1250 2621 1465 2703; x_wconf 87' lang='lat' dir='ltr'>neglegenter.</span> 
     </span>
    </p>

    <p class='ocr_par' dir='ltr' id='par_1_7' title="bbox 172 2727 1494 3230">
     <span class='ocr_line' id='line_1_23' title="bbox 172 2727 1494 2813; baseline 0.001 -24"><span class='ocrx_word' id='word_1_216' title='bbox 172 2807 175 2813; x_wconf 25' lang='lat'>¹</span> <span class='ocrx_word' id='word_1_217' title='bbox 240 2727 374 2790; x_wconf 92' lang='lat' dir='ltr'>multum</span> <span class='ocrx_word' id='word_1_218' title='bbox 406 2737 439 2790; x_wconf 89' lang='lat' dir='ltr'>et</span> <span class='ocrx_word' id='word_1_219' title='bbox 468 2731 499 2790; x_wconf 93' lang='lat' dir='ltr'>in</span> <span class='ocrx_word' id='word_1_220' title='bbox 529 2750 564 2790; x_wconf 90' lang='lat' dir='ltr'>se</span> <span class='ocrx_word' id='word_1_221' title='bbox 594 2729 809 2791; x_wconf 88' lang='lat' dir='ltr'>recedendum</span> <span class='ocrx_word' id='word_1_222' title='bbox 838 2738 904 2790; x_wconf 91' lang='lat' dir='ltr'>est:</span> <span class='ocrx_word' id='word_1_223' title='bbox 941 2728 1139 2790; x_wconf 92' lang='lat' dir='ltr'>conuersatio</span> <span class='ocrx_word' id='word_1_224' title='bbox 1163 2728 1247 2789; x_wconf 92' lang='lat' dir='ltr'>enim</span> <span class='ocrx_word' id='word_1_225' title='bbox 1271 2727 1494 2791; x_wconf 87' lang='lat' dir='ltr'>dissimilium3</span> 
     </span>
     <span class='ocr_line' id='line_1_24' title="bbox 239 2833 1465 2916; baseline 0.001 -21"><span class='ocrx_word' id='word_1_226' title='bbox 239 2834 322 2896; x_wconf 86' lang='lat' dir='ltr'>benc</span> <span class='ocrx_word' id='word_1_227' title='bbox 345 2835 511 2916; x_wconf 90' lang='lat' dir='ltr'>conposita</span> <span class='ocrx_word' id='word_1_228' title='bbox 534 2834 689 2907; x_wconf 68' lang='lat' dir='ltr'>disturbat</span> <span class='ocrx_word' id='word_1_229' title='bbox 712 2844 745 2897; x_wconf 91' lang='lat' dir='ltr'>et</span> <span class='ocrx_word' id='word_1_230' title='bbox 765 2844 897 2898; x_wconf 92' lang='lat' dir='ltr'>renouat</span> <span class='ocrx_word' id='word_1_231' title='bbox 912 2833 1055 2897; x_wconf 88' lang='lat' dir='ltr'>adiectus</span> <span class='ocrx_word' id='word_1_232' title='bbox 1071 2843 1104 2896; x_wconf 92' lang='lat' dir='ltr'>et</span> <span class='ocrx_word' id='word_1_233' title='bbox 1119 2835 1271 2915; x_wconf 94' lang='lat' dir='ltr'>quidquid</span> <span class='ocrx_word' id='word_1_234' title='bbox 1285 2833 1465 2897; x_wconf 90' lang='lat' dir='ltr'>inbecillum</span> 
     </span>
     <span class='ocr_line' id='line_1_25' title="bbox 240 2940 1465 3023; baseline 0.002 -22"><span class='ocrx_word' id='word_1_235' title='bbox 240 2942 270 3002; x_wconf 93' lang='lat' dir='ltr'>in</span> <span class='ocrx_word' id='word_1_236' title='bbox 294 2943 399 3003; x_wconf 91' lang='lat' dir='ltr'>animo</span> <span class='ocrx_word' id='word_1_237' title='bbox 423 2962 481 3003; x_wconf 88' lang='lat' dir='ltr'>nec</span> <span class='ocrx_word' id='word_1_238' title='bbox 504 2951 703 3023; x_wconf 87' lang='lat' dir='ltr'>percuratum</span> <span class='ocrx_word' id='word_1_239' title='bbox 728 2950 792 3017; x_wconf 86' lang='lat' dir='ltr'>est,</span> <span class='ocrx_word' id='word_1_240' title='bbox 815 2940 984 3003; x_wconf 88' lang='lat' dir='ltr'>exulcerat.</span> <span class='ocrx_word' id='word_1_241' title='bbox 1035 2941 1196 3003; x_wconf 90' lang='lat' dir='ltr'>miscenda</span> <span class='ocrx_word' id='word_1_242' title='bbox 1218 2948 1328 3002; x_wconf 91' lang='lat' dir='ltr'>tamen</span> <span class='ocrx_word' id='word_1_243' title='bbox 1350 2942 1413 3004; x_wconf 90' lang='lat' dir='ltr'>ista</span> <span class='ocrx_word' id='word_1_244' title='bbox 1434 2951 1465 3004; x_wconf 89' lang='lat' dir='ltr'>et</span> 
     </span>
     <span class='ocr_line' id='line_1_26' title="bbox 199 3045 1464 3135; baseline 0.002 -27"><span class='ocrx_word' id='word_1_245' title='bbox 199 3062 225 3102; x_wconf 71' lang='lat'>²⁵</span> <span class='ocrx_word' id='word_1_246' title='bbox 240 3047 424 3109; x_wconf 89' lang='lat' dir='ltr'>alternanda</span> <span class='ocrx_word' id='word_1_247' title='bbox 447 3058 535 3135; x_wconf 21' lang='lat' dir='ltr'>sunt!</span> <span class='ocrx_word' id='word_1_248' title='bbox 552 3047 690 3112; x_wconf 92' lang='lat' dir='ltr'>solitudo</span> <span class='ocrx_word' id='word_1_249' title='bbox 715 3059 747 3110; x_wconf 89' lang='lat' dir='ltr'>et</span> <span class='ocrx_word' id='word_1_250' title='bbox 770 3048 964 3130; x_wconf 86' lang='lat' dir='ltr'>frequentia:</span> <span class='ocrx_word' id='word_1_251' title='bbox 997 3047 1048 3110; x_wconf 91' lang='lat' dir='ltr'>illa</span> <span class='ocrx_word' id='word_1_252' title='bbox 1071 3046 1163 3109; x_wconf 93' lang='lat' dir='ltr'>nobis</span> <span class='ocrx_word' id='word_1_253' title='bbox 1186 3045 1280 3110; x_wconf 88' lang='lat' dir='ltr'>faciet</span> <span class='ocrx_word' id='word_1_254' title='bbox 1299 3046 1464 3111; x_wconf 90' lang='lat' dir='ltr'>hominum</span> 
     </span>
     <span class='ocr_line' id='line_1_27' title="bbox 240 3136 1464 3230; baseline 0.002 -15"><span class='ocrx_word' id='word_1_255' title='bbox 240 3136 446 3229; x_wconf 87' lang='lat' dir='ltr'>desiderium,</span> <span class='ocrx_word' id='word_1_256' title='bbox 469 3154 549 3216; x_wconf 88' lang='lat' dir='ltr'>haec</span> <span class='ocrx_word' id='word_1_257' title='bbox 572 3161 692 3230; x_wconf 87' lang='lat' dir='ltr'>nostri,</span> <span class='ocrx_word' id='word_1_258' title='bbox 716 3165 748 3217; x_wconf 87' lang='lat' dir='ltr'>et</span> <span class='ocrx_word' id='word_1_259' title='bbox 772 3156 830 3217; x_wconf 89' lang='lat' dir='ltr'>erit</span> <span class='ocrx_word' id='word_1_260' title='bbox 853 3154 960 3228; x_wconf 89' lang='lat' dir='ltr'>altera</span> <span class='ocrx_word' id='word_1_261' title='bbox 975 3154 1101 3217; x_wconf 88' lang='lat' dir='ltr'>alterius</span> <span class='ocrx_word' id='word_1_262' title='bbox 1125 3153 1309 3216; x_wconf 88' lang='lat' dir='ltr'>remedium.</span> <span class='ocrx_word' id='word_1_263' title='bbox 1355 3155 1464 3218; x_wconf 92' lang='lat' dir='ltr'>odium</span> 
     </span>
    </p>

    <p class='ocr_par' dir='ltr' id='par_1_8' title="bbox 239 3259 1494 3447">
     <span class='ocr_line' id='line_1_28' title="bbox 240 3259 1494 3346; baseline 0.001 -25"><span class='ocrx_word' id='word_1_264' title='bbox 240 3260 351 3321; x_wconf 90' lang='lat' dir='ltr'>turbae</span> <span class='ocrx_word' id='word_1_265' title='bbox 374 3261 498 3323; x_wconf 91' lang='lat' dir='ltr'>sanabit</span> <span class='ocrx_word' id='word_1_266' title='bbox 520 3259 671 3336; x_wconf 90' lang='lat' dir='ltr'>solitud0,</span> <span class='ocrx_word' id='word_1_267' title='bbox 704 3262 844 3323; x_wconf 92' lang='lat' dir='ltr'>taedium</span> <span class='ocrx_word' id='word_1_268' title='bbox 868 3261 1044 3324; x_wconf 89' lang='lat' dir='ltr'>solitudinis</span> <span class='ocrx_word' id='word_1_269' title='bbox 1067 3259 1167 3346; x_wconf 86' lang='lat' dir='ltr'>turba.</span> <span class='ocrx_word' id='word_1_270' title='bbox 1214 3261 1327 3322; x_wconf 91' lang='lat' dir='ltr'>necin</span> <span class='ocrx_word' id='word_1_271' title='bbox 1350 3265 1494 3325; x_wconf 75' lang='lat' dir='ltr'>eademi</span> 
     </span>
     <span class='ocr_line' id='line_1_29' title="bbox 239 3365 1464 3447; baseline 0.004 -21"><span class='ocrx_word' id='word_1_272' title='bbox 239 3367 413 3428; x_wconf 87' lang='lat' dir='ltr'>intentione</span> <span class='ocrx_word' id='word_1_273' title='bbox 435 3365 606 3447; x_wconf 89' lang='lat' dir='ltr'>aequaliter</span> <span class='ocrx_word' id='word_1_274' title='bbox 630 3368 794 3430; x_wconf 89' lang='lat' dir='ltr'>retinenda</span> <span class='ocrx_word' id='word_1_275' title='bbox 817 3388 907 3430; x_wconf 90' lang='lat' dir='ltr'>mens</span> <span class='ocrx_word' id='word_1_276' title='bbox 929 3378 987 3444; x_wconf 92' lang='lat' dir='ltr'>est,</span> <span class='ocrx_word' id='word_1_277' title='bbox 1011 3367 1067 3429; x_wconf 91' lang='lat' dir='ltr'>sed</span> <span class='ocrx_word' id='word_1_278' title='bbox 1091 3369 1133 3430; x_wconf 95' lang='lat' dir='ltr'>ad</span> <span class='ocrx_word' id='word_1_279' title='bbox 1155 3367 1244 3428; x_wconf 88' lang='lat' dir='ltr'>iocos</span> <span class='ocrx_word' id='word_1_280' title='bbox 1268 3368 1464 3432; x_wconf 84' lang='lat' dir='ltr'>deuocanda</span> 
     </span>
    </p>
   </div>
   <div class='ocr_carea' id='block_1_3' title="bbox 239 3577 1464 3753">
    <p class='ocr_par' dir='ltr' id='par_1_9' title="bbox 239 3577 1464 3753">
     <span class='ocr_line' id='line_1_30' title="bbox 240 3577 1464 3647; baseline 0 -17"><span class='ocrx_word' id='word_1_281' title='bbox 240 3579 255 3630; x_wconf 87' lang='lat'>3</span> <span class='ocrx_word' id='word_1_282' title='bbox 281 3579 393 3643; x_wconf 86' lang='lat' dir='ltr'>apstersit</span> <span class='ocrx_word' id='word_1_283' title='bbox 412 3579 438 3643; x_wconf 92' lang='lat' dir='ltr'>(p</span> <span class='ocrx_word' id='word_1_284' title='bbox 457 3593 528 3634; x_wconf 60' lang='lat'><strong><em>0077.</em></strong></span> <span class='ocrx_word' id='word_1_285' title='bbox 549 3577 576 3630; x_wconf 80' lang='lat' dir='ltr'>tit</span> <span class='ocrx_word' id='word_1_286' title='bbox 594 3578 623 3645; x_wconf 90' lang='lat' dir='ltr'>b)</span> <span class='ocrx_word' id='word_1_287' title='bbox 725 3577 742 3630; x_wconf 81' lang='grc'>4</span> <span class='ocrx_word' id='word_1_288' title='bbox 766 3579 867 3644; x_wconf 73' lang='grc' dir='ltr'>ῃεᾲιιὶὶἰε</span> <span class='ocrx_word' id='word_1_289' title='bbox 968 3581 1043 3629; x_wconf 87' lang='lat' dir='ltr'>uritur</span> <span class='ocrx_word' id='word_1_290' title='bbox 1062 3579 1100 3646; x_wconf 76' lang='lat' dir='ltr'>(tit</span> <span class='ocrx_word' id='word_1_291' title='bbox 1119 3593 1205 3647; x_wconf 79' lang='lat' dir='ltr'>marq.</span> <span class='ocrx_word' id='word_1_292' title='bbox 1225 3593 1259 3630; x_wconf 88' lang='lat' dir='ltr'>m.</span> <span class='ocrx_word' id='word_1_293' title='bbox 1280 3578 1296 3628; x_wconf 81' lang='lat'>2</span> <span class='ocrx_word' id='word_1_294' title='bbox 1316 3582 1358 3628; x_wconf 82' lang='lat' dir='ltr'>aut</span> <span class='ocrx_word' id='word_1_295' title='bbox 1377 3579 1464 3644; x_wconf 74' lang='lat' dir='ltr'>regulfl</span> 
     </span>
     <span class='ocr_line' id='line_1_31' title="bbox 239 3651 1464 3753; baseline 0.004 -21"><span class='ocrx_word' id='word_1_296' title='bbox 239 3685 275 3748; x_wconf 82' lang='lat' dir='ltr'>qd</span> <span class='ocrx_word' id='word_1_297' title='bbox 295 3688 329 3733; x_wconf 86' lang='lat' dir='ltr'>tot</span> <span class='ocrx_word' id='word_1_298' title='bbox 349 3683 425 3732; x_wconf 85' lang='lat' dir='ltr'>clauis</span> <span class='ocrx_word' id='word_1_299' title='bbox 444 3669 521 3748; x_wconf 69' lang='lat' dir='ltr'>efigil.</span> <span class='ocrx_word' id='word_1_300' title='bbox 540 3682 649 3737; x_wconf 79' lang='lat' dir='ltr'>addidit</span> <span class='ocrx_word' id='word_1_301' title='bbox 667 3699 721 3738; x_wconf 82' lang='lat' dir='ltr'>non</span> <span class='ocrx_word' id='word_1_302' title='bbox 741 3684 835 3739; x_wconf 83' lang='lat' dir='ltr'>eadem</span> <span class='ocrx_word' id='word_1_303' title='bbox 855 3701 959 3749; x_wconf 83' lang='lat' dir='ltr'>manus,</span> <span class='ocrx_word' id='word_1_304' title='bbox 985 3691 1013 3737; x_wconf 82' lang='lat' dir='ltr'>ut</span> <span class='ocrx_word' id='word_1_305' title='bbox 1037 3683 1154 3750; x_wconf 79' lang='lat' dir='ltr'>uidetur,</span> <span class='ocrx_word' id='word_1_306' title='bbox 1181 3684 1347 3748; x_wconf 79' lang='lat' dir='ltr'>transfigitur3</span> <span class='ocrx_word' id='word_1_307' title='bbox 1375 3651 1464 3753; x_wconf 71' lang='lat' dir='ltr'>itaqiie</span> 
     </span>
    </p>
   </div>
   <div class='ocr_carea' id='block_1_4' title="bbox 238 3782 1463 4054">
    <p class='ocr_par' dir='ltr' id='par_1_10' title="bbox 238 3782 1463 4054">
     <span class='ocr_line' id='line_1_32' title="bbox 239 3782 1463 3877; baseline -0.002 -18"><span class='ocrx_word' id='word_1_308' title='bbox 239 3806 313 3860; x_wconf 77' lang='lat' dir='ltr'>tenui</span> <span class='ocrx_word' id='word_1_309' title='bbox 330 3808 469 3872; x_wconf 85' lang='lat' dir='ltr'>configitur)</span> <span class='ocrx_word' id='word_1_310' title='bbox 577 3782 713 3874; x_wconf 64' lang='lat' dir='ltr'>buillnera</span> <span class='ocrx_word' id='word_1_311' title='bbox 823 3809 934 3861; x_wconf 75' lang='lat' dir='ltr'>biterat</span> <span class='ocrx_word' id='word_1_312' title='bbox 952 3825 994 3857; x_wconf 90' lang='lat' dir='ltr'>sua</span> <span class='ocrx_word' id='word_1_313' title='bbox 1015 3805 1096 3860; x_wconf 75' lang='lat' dir='ltr'>Gertz</span> <span class='ocrx_word' id='word_1_314' title='bbox 1110 3815 1177 3877; x_wconf 79' lang='lat' dir='ltr'>post</span> <span class='ocrx_word' id='word_1_315' title='bbox 1196 3805 1337 3868; x_wconf 78' lang='lat' dir='ltr'>Haast&#39;um,</span> <span class='ocrx_word' id='word_1_316' title='bbox 1357 3806 1408 3876; x_wconf 75' lang='lat' dir='ltr'>qui</span> <span class='ocrx_word' id='word_1_317' title='bbox 1422 3824 1463 3858; x_wconf 82' lang='lat' dir='ltr'>sua</span> 
     </span>
     <span class='ocr_line' id='line_1_33' title="bbox 238 3894 1463 3968; baseline 0.002 -24"><span class='ocrx_word' id='word_1_318' title='bbox 238 3897 309 3945; x_wconf 86' lang='lat' dir='ltr'>iterat</span> <span class='ocrx_word' id='word_1_319' title='bbox 327 3895 451 3965; x_wconf 77' lang='lat' dir='ltr'>scripsit:</span> <span class='ocrx_word' id='word_1_320' title='bbox 472 3912 515 3945; x_wconf 89' lang='lat' dir='ltr'>sua</span> <span class='ocrx_word' id='word_1_321' title='bbox 533 3894 593 3949; x_wconf 83' lang='lat' dir='ltr'>cod.</span> <span class='ocrx_word' id='word_1_322' title='bbox 614 3896 652 3963; x_wconf 78' lang='lat' dir='ltr'>(in</span> <span class='ocrx_word' id='word_1_323' title='bbox 670 3913 757 3968; x_wconf 58' lang='grc' dir='ltr'><em>Μάνῃ.</em></span> <span class='ocrx_word' id='word_1_324' title='bbox 777 3913 811 3952; x_wconf 87' lang='lat' dir='ltr'>m.</span> <span class='ocrx_word' id='word_1_325' title='bbox 831 3912 885 3950; x_wconf 80' lang='lat' dir='ltr'>rec.</span> <span class='ocrx_word' id='word_1_326' title='bbox 905 3896 999 3945; x_wconf 84' lang='lat' dir='ltr'>fortiter</span> <span class='ocrx_word' id='word_1_327' title='bbox 1017 3894 1080 3961; x_wconf 85' lang='lat' dir='ltr'>tulit)</span> <span class='ocrx_word' id='word_1_328' title='bbox 1178 3896 1241 3946; x_wconf 68' lang='lat' dir='ltr'>omis</span> <span class='ocrx_word' id='word_1_329' title='bbox 1352 3897 1463 3962; x_wconf 79' lang='lat' dir='ltr'>impensa</span> 
     </span>
     <span class='ocr_line' id='line_1_34' title="bbox 322 3983 1461 4054; baseline 0 -18"><span class='ocrx_word' id='word_1_330' title='bbox 322 3983 337 4036; x_wconf 84' lang='grc'>7</span> <span class='ocrx_word' id='word_1_331' title='bbox 351 3989 467 4034; x_wconf 89' lang='lat' dir='ltr'>uenerunt</span> <span class='ocrx_word' id='word_1_332' title='bbox 479 3984 519 4050; x_wconf 77' lang='lat' dir='ltr'>(in</span> <span class='ocrx_word' id='word_1_333' title='bbox 531 4000 617 4054; x_wconf 64' lang='grc' dir='ltr'><em>Μάνῃ.</em></span> <span class='ocrx_word' id='word_1_334' title='bbox 631 4000 664 4038; x_wconf 87' lang='lat' dir='ltr'>m.</span> <span class='ocrx_word' id='word_1_335' title='bbox 678 4001 733 4040; x_wconf 80' lang='lat' dir='ltr'>rec.</span> <span class='ocrx_word' id='word_1_336' title='bbox 748 3987 790 4036; x_wconf 88' lang='lat' dir='ltr'>alii</span> <span class='ocrx_word' id='word_1_337' title='bbox 802 3983 921 4050; x_wconf 87' lang='lat' dir='ltr'>uenirent)</span> <span class='ocrx_word' id='word_1_338' title='bbox 1012 3983 1027 4036; x_wconf 84' lang='lat'>9</span> <span class='ocrx_word' id='word_1_339' title='bbox 1041 3985 1112 4033; x_wconf 85' lang='lat' dir='ltr'>auxie</span> <span class='ocrx_word' id='word_1_340' title='bbox 1125 3983 1163 4046; x_wconf 78' lang='lat' dir='ltr'>(in</span> <span class='ocrx_word' id='word_1_341' title='bbox 1176 3999 1264 4054; x_wconf 74' lang='lat' dir='ltr'>marq.</span> <span class='ocrx_word' id='word_1_342' title='bbox 1278 4000 1312 4037; x_wconf 86' lang='lat' dir='ltr'>m.</span> <span class='ocrx_word' id='word_1_343' title='bbox 1327 3999 1383 4039; x_wconf 79' lang='lat' dir='ltr'>rec.</span> <span class='ocrx_word' id='word_1_344' title='bbox 1396 3987 1418 4035; x_wconf 89' lang='lat' dir='ltr'>si</span> <span class='ocrx_word' id='word_1_345' title='bbox 1429 3990 1461 4036; x_wconf 76' lang='lat' dir='ltr'>nd</span> 
     </span>
    </p>
   </div>
   <div class='ocr_carea' id='block_1_5' title="bbox 237 4073 1462 4502">
    <p class='ocr_par' dir='ltr' id='par_1_11' title="bbox 238 4073 1462 4245">
     <span class='ocr_line' id='line_1_35' title="bbox 238 4073 1462 4159; baseline 0 -21"><span class='ocrx_word' id='word_1_346' title='bbox 238 4089 319 4158; x_wconf 85' lang='lat' dir='ltr'>anxie)</span> <span class='ocrx_word' id='word_1_347' title='bbox 416 4105 553 4155; x_wconf 88' lang='lat' dir='ltr'>componas</span> <span class='ocrx_word' id='word_1_348' title='bbox 648 4073 712 4154; x_wconf 67' lang='lat' dir='ltr'>uillis</span> <span class='ocrx_word' id='word_1_349' title='bbox 821 4091 854 4145; x_wconf 89' lang='lat'>10</span> <span class='ocrx_word' id='word_1_350' title='bbox 880 4091 977 4140; x_wconf 87' lang='lat' dir='ltr'>assidua</span> <span class='ocrx_word' id='word_1_351' title='bbox 996 4088 1091 4159; x_wconf 80' lang='lat' dir='ltr'>(prior</span> <span class='ocrx_word' id='word_1_352' title='bbox 1109 4106 1120 4139; x_wconf 94' lang='lat' dir='ltr'>s</span> <span class='ocrx_word' id='word_1_353' title='bbox 1139 4089 1223 4158; x_wconf 82' lang='lat' dir='ltr'>corr.)</span> <span class='ocrx_word' id='word_1_354' title='bbox 1335 4091 1369 4143; x_wconf 90' lang='lat'>12</span> <span class='ocrx_word' id='word_1_355' title='bbox 1388 4090 1462 4156; x_wconf 83' lang='lat' dir='ltr'>aspici</span> 
     </span>
     <span class='ocr_line' id='line_1_36' title="bbox 340 4176 1364 4245; baseline -0.001 -14"><span class='ocrx_word' id='word_1_356' title='bbox 340 4177 373 4231; x_wconf 87' lang='grc'>16</span> <span class='ocrx_word' id='word_1_357' title='bbox 393 4184 480 4228; x_wconf 86' lang='lat' dir='ltr'>ornata</span> <span class='ocrx_word' id='word_1_358' title='bbox 499 4177 556 4231; x_wconf 65' lang='lat' dir='ltr'>Et:</span> <span class='ocrx_word' id='word_1_359' title='bbox 578 4180 690 4229; x_wconf 87' lang='lat' dir='ltr'>inornata</span> <span class='ocrx_word' id='word_1_360' title='bbox 792 4181 926 4230; x_wconf 90' lang='lat' dir='ltr'>obtendens</span> <span class='ocrx_word' id='word_1_361' title='bbox 945 4176 1002 4230; x_wconf 70' lang='lat' dir='ltr'>E2:</span> <span class='ocrx_word' id='word_1_362' title='bbox 1024 4179 1143 4242; x_wconf 70' lang='lat' dir='ltr'>obediens</span> <span class='ocrx_word' id='word_1_363' title='bbox 1242 4177 1276 4232; x_wconf 88' lang='grc'>18</span> <span class='ocrx_word' id='word_1_364' title='bbox 1294 4181 1364 4245; x_wconf 84' lang='lat' dir='ltr'>chd</span> 
     </span>
    </p>

    <p class='ocr_par' dir='ltr' id='par_1_12' title="bbox 237 4264 1460 4333">
     <span class='ocr_line' id='line_1_37' title="bbox 237 4264 1460 4333; baseline 0.003 -19"><span class='ocrx_word' id='word_1_365' title='bbox 237 4267 348 4316; x_wconf 82' lang='lat' dir='ltr'>adierunt</span> <span class='ocrx_word' id='word_1_366' title='bbox 368 4265 425 4319; x_wconf 59' lang='grc' dir='ltr'>Εἲς</span> <span class='ocrx_word' id='word_1_367' title='bbox 447 4269 572 4318; x_wconf 90' lang='lat' dir='ltr'>audierunt</span> <span class='ocrx_word' id='word_1_368' title='bbox 662 4267 694 4320; x_wconf 87' lang='lat'>21</span> <span class='ocrx_word' id='word_1_369' title='bbox 721 4269 878 4333; x_wconf 75' lang='lat' dir='ltr'>neglegenter</span> <span class='ocrx_word' id='word_1_370' title='bbox 973 4268 1008 4321; x_wconf 84' lang='lat'>22</span> <span class='ocrx_word' id='word_1_371' title='bbox 1037 4267 1199 4317; x_wconf 88' lang='lat' dir='ltr'>recedendum</span> <span class='ocrx_word' id='word_1_372' title='bbox 1218 4264 1384 4321; x_wconf 71' lang='lat' dir='ltr'>deteriores:</span> <span class='ocrx_word' id='word_1_373' title='bbox 1404 4268 1460 4318; x_wconf 88' lang='lat' dir='ltr'>reci·</span> 
     </span>
    </p>

    <p class='ocr_par' dir='ltr' id='par_1_13' title="bbox 238 4353 1460 4502">
     <span class='ocr_line' id='line_1_38' title="bbox 238 4353 1460 4426; baseline 0.002 -21"><span class='ocrx_word' id='word_1_374' title='bbox 238 4355 323 4407; x_wconf 77' lang='lat' dir='ltr'>dendt‘i</span> <span class='ocrx_word' id='word_1_375' title='bbox 414 4357 555 4419; x_wconf 74' lang='lat' dir='ltr'>dissimillitl</span> <span class='ocrx_word' id='word_1_376' title='bbox 656 4357 690 4410; x_wconf 87' lang='grc'>23</span> <span class='ocrx_word' id='word_1_377' title='bbox 710 4359 824 4422; x_wconf 79' lang='lat' dir='ltr'>coposita</span> <span class='ocrx_word' id='word_1_378' title='bbox 930 4357 1000 4426; x_wconf 82' lang='lat' dir='ltr'>chd</span> <span class='ocrx_word' id='word_1_379' title='bbox 1108 4355 1142 4411; x_wconf 78' lang='lat'>25</span> <span class='ocrx_word' id='word_1_380' title='bbox 1160 4360 1215 4406; x_wconf 89' lang='lat' dir='ltr'>suut</span> <span class='ocrx_word' id='word_1_381' title='bbox 1233 4353 1397 4410; x_wconf 75' lang='lat' dir='ltr'>deteriores:</span> <span class='ocrx_word' id='word_1_382' title='bbox 1416 4358 1460 4407; x_wconf 83' lang='lat' dir='ltr'>sint</span> 
     </span>
     <span class='ocr_line' id='line_1_39' title="bbox 328 4442 833 4502; baseline 0.004 -2"><span class='ocrx_word' id='word_1_383' title='bbox 328 4442 361 4500; x_wconf 87' lang='grc'>26</span> <span class='ocrx_word' id='word_1_384' title='bbox 381 4445 456 4497; x_wconf 85' lang='lat' dir='ltr'>altera</span> <span class='ocrx_word' id='word_1_385' title='bbox 473 4460 544 4500; x_wconf 77' lang='lat' dir='ltr'>unus</span> <span class='ocrx_word' id='word_1_386' title='bbox 562 4444 742 4502; x_wconf 72' lang='lat' dir='ltr'>deteriorum:</span> <span class='ocrx_word' id='word_1_387' title='bbox 764 4446 833 4502; x_wconf 73' lang='lat' dir='ltr'>alteri</span> 
     </span>
    </p>
   </div>
   <div class='ocr_carea' id='block_1_6' title="bbox 0 0 1528 5092">
    <p class='ocr_par' dir='ltr' id='par_1_14' title="bbox 0 0 1528 5092">
     <span class='ocr_line' id='line_1_40' title="bbox 0 0 1528 5092; baseline 0 3"><span class='ocrx_word' id='word_1_388' title='bbox 0 0 1528 5092; x_wconf 95' lang='lat' dir='ltr'> </span> 
     </span>
    </p>
   </div>
  </div>
 </body>
</html>
