3046 5092
159 329 201 386 42
519 321 598 362 DIAL.
619 322 658 363 Ill.
679 321 720 361 DE
738 321 791 361 IRA
810 321 864 363 LlB.
885 321 902 362 l.
922 326 943 365 6.
962 326 981 364 7.
1001 326 1022 364 8.

160 467 198 527 ob
226 466 284 527 hoc
314 487 369 528 nec
397 467 459 547 ira,
492 466 568 545 quia
585 475 692 546 poena
723 466 794 526 irae
824 467 973 528 conuenit.
1021 466 1053 527 si
1074 466 1127 526 uir
1155 464 1253 527 bonus
1276 476 1385 545 poena

160 594 221 634 non
248 572 377 652 gaudet,
411 593 472 634 non
498 571 656 652 gaudebit
682 592 721 633 ne
743 593 778 633 eo
795 573 920 652 quz'dem
937 571 1073 651 adfectu,
1099 571 1151 633 cui
1165 582 1275 653 poena
1299 575 1383 635 uolu-

91 701 93 704 ⁴
153 680 243 759 ptati
263 691 328 741 est:
355 700 431 758 ergo
455 699 516 739 non
540 688 589 740 est
609 679 769 740 naturalis
792 679 853 740 ἱναῚ

184 772 190 783 i
251 786 318 848 Vll.
366 785 541 866 Numquid,
572 786 716 865 quamuis
743 806 807 847 non
838 786 877 847 sit
907 785 1057 847 naturalis
1093 786 1150 861 ira,
1167 786 1425 854 fadsumenda1

133 903 216 968 sest,
239 894 312 973 quia
335 891 416 952 utilis
445 912 543 972 saepe
572 890 648 953 fuit?
695 891 821 955 extollit
851 893 972 953 animos
996 901 1028 953 et
1054 892 1170 954 incitat
1215 912 1277 954 nec
1299 894 1386 975 quic-

159 1019 255 1080 quam
279 1001 345 1059 sine
368 997 419 1059 illa
435 998 638 1084 magnificum
662 999 692 1062 in
712 998 798 1059 bello
814 997 966 1060 fortitudo
983 999 1072 1078 gerit,
1096 999 1152 1060 nisi
1168 997 1241 1061 hinc
1257 999 1388 1062 flamma

159 1106 287 1179 subdita
309 1114 357 1166 est
380 1114 412 1166 et
435 1104 486 1166 hic
508 1103 650 1166 stimulus
673 1106 862 1185 peragitauit
878 1105 1024 1185 misitque
1039 1106 1071 1165 in
1085 1105 1223 1187 pericula
1239 1108 1385 1169 audaces.
1405 1176 1408 1187 Ι

160 1212 316 1293 optimum
339 1212 443 1291 itaque
464 1212 593 1291 quidam
609 1220 721 1291 putant
745 1220 923 1292 temperare
939 1212 1025 1285 iram,
1049 1232 1113 1272 non
1136 1212 1259 1288 tollere,
1284 1234 1386 1294 eoque

159 1319 303 1379 detracto
334 1319 422 1398 quod
454 1318 612 1396 exundat,
644 1318 686 1378 ad
716 1317 886 1379 salutarem
916 1317 1049 1378 modum
1081 1337 1214 1397 cogere,
1245 1320 1278 1380 id
1309 1341 1382 1382 uero

120 1437 143 1476 ¹⁰
158 1424 299 1498 retinere,
323 1425 388 1486 sine
411 1445 475 1505 quo
499 1423 661 1504 languebit
684 1425 766 1485 actio
790 1433 822 1485 et
845 1425 891 1485 uis
915 1444 952 1485 ac
968 1425 1058 1503 uigor
1081 1425 1176 1490 animi
1199 1425 1382 1488 resoluetur.

158 1531 294 1611 primum
315 1528 431 1592 facilius
459 1540 507 1592 est
531 1530 701 1592 excludere
724 1531 898 1613 perniciosa
921 1551 1017 1611 quam
1041 1550 1160 1610 regere,
1184 1538 1216 1592 et
1239 1553 1305 1594 non
1329 1534 1407 1594 adt

158 1638 283 1698 mittere
322 1658 417 1718 quam
455 1638 593 1698 admissa
632 1637 796 1698 moderari.
843 1658 917 1698 nam
957 1657 1027 1698 cum
1059 1657 1095 1698 se
1125 1638 1155 1697 in
1182 1640 1382 1718 possessione

157 1753 339 1825 posuerunt,
362 1745 543 1826 potentiora
556 1753 688 1805 rectore
711 1752 784 1818 sunt
806 1763 865 1804 nec
888 1744 984 1804 recidi
1007 1764 1041 1804 se
1065 1745 1201 1804 minuiue
1217 1746 1381 1826 patiuntur.

158 1851 273 1911 deinde
296 1852 376 1912 ratio
399 1851 481 1934 ipsa,
505 1851 553 1912 cui
575 1851 653 1911 freni
675 1852 849 1923 traduntur,
872 1851 993 1912 tamdiu
1024 1858 1138 1930 potens
1162 1859 1210 1911 est
1234 1853 1408 1930 quamdiu3

119 1967 143 2006 ¹⁵
158 1958 286 2018 diducta
315 1967 364 2018 est
394 1958 435 2018 ab
466 1957 650 2019 adfectibus.
694 1957 719 2016 si
750 1957 873 2017 miscuit
904 1977 938 2017 se
969 1955 1025 2016 illis
1057 1964 1089 2017 et
1113 1956 1299 2036 inquinauit‚
1323 1978 1382 2020 non

157 2072 264 2145 potest
288 2064 448 2125 continere
471 2084 552 2144 quos
575 2083 777 2124 summouere
799 2064 962 2143 potuisset.
994 2071 1157 2124 commota
1180 2066 1264 2124 enim
1288 2064 1383 2126 semel

158 2178 190 2229 et
221 2190 354 2231 excussa
385 2190 474 2231 mens
506 2191 546 2231 eo
581 2171 696 2252 pergit,
736 2191 800 2250 quo
832 2168 996 2257 inpellitur.
1049 2170 1245 2249 quarundam
1282 2182 1411 2236 reruml

157 2276 242 2337 initia
269 2277 299 2346 in
330 2285 439 2337 nostra
469 2285 629 2356 potestate
654 2285 743 2351 sunt,
775 2275 922 2337 ulteriora
953 2297 1011 2337 nos
1040 2275 1070 2336 ui
1099 2296 1157 2336 sua
1180 2277 1306 2358 rapiunt
1330 2297 1384 2339 nec

158 2401 335 2461 regressum
365 2383 530 2470 relincunt..
571 2392 605 2444 ut
636 2384 667 2443 in
689 2403 842 2464 praeceps
873 2368 968 2443 datis
986 2383 1171 2462 corporibus
1195 2381 1318 2444 nullum
1341 2384 1384 2445 sui

116 2503 142 2543 2⁰
157 2489 318 2550 arbitrium
347 2498 395 2551 est
426 2510 485 2551 nec
508 2491 650 2551 resistere
682 2490 837 2551 morariue
865 2489 988 2550 deiecta
1010 2497 1196 2571 potuerunt,
1229 2489 1383 2551 sedeon-

158 2598 257 2659 silium
283 2617 379 2658 omne
402 2606 434 2658 et
457 2597 681 2676 paenitentiam
704 2595 920 2657 inreuocabilis
951 2595 1167 2676 praecipitatio
1197 2595 1332 2657 abscidit
1355 2603 1384 2657 et

157 2725 221 2765 non
244 2705 316 2766 licet
340 2724 379 2765 eo
404 2723 467 2764 non
491 2704 663 2786 peruenire,
686 2723 750 2783 quo
767 2723 830 2763 non
854 2703 898 2762 ire
921 2701 1076 2762 licuisset:
1103 2701 1146 2761 ita
1169 2701 1292 2763 animus
1308 2703 1334 2764 si
1355 2703 1384 2763 in

157 2813 252 2886 iram,
283 2830 425 2872 amorem
457 2810 596 2890 aliosque
627 2829 662 2870 se
684 2809 816 2897 proiecit
846 2805 1003 2882 adlectuS,
1035 2828 1100 2868 non
1122 2807 1315 2887 permittitur
1338 2829 1383 2869 re-

157 2921 293 3001 primere
316 2920 465 3000 inpetum.
511 2917 612 2997 rapiat
635 2914 720 2976 illum
750 2897 880 2996 oportet
910 2923 943 2975 et
972 2913 1014 2974 ad
1038 2914 1136 2974 imum
1160 2925 1235 2992 agat
1258 2915 1385 2995 pondus

118 3051 144 3091 25
158 3046 250 3087 suum
274 3034 306 3086 et
328 3026 475 3086 uitiorum
498 3032 610 3085 natura
635 3022 789 3103 procliuis

247 3132 331 3193 VIll.
357 3132 523 3212 Optimum
547 3139 596 3191 est
617 3120 754 3210 primum
783 3128 1018 3189 inritamentum
1046 3127 1109 3188 irae
1133 3127 1275 3206 protinus
1298 3139 1416 3207 sper-1

158 3260 232 3301 nere
255 3239 391 3319 ipsisque
422 3255 600 3317 repugnare
629 3234 801 3296 seminibus
832 3243 865 3295 et
888 3235 965 3295 dare
993 3252 1123 3314 operam
1147 3253 1188 3294 ne
1210 3233 1386 3295 incidamus

158 3345 188 3405 in
220 3346 305 3405 iram.
352 3361 426 3404 nam
459 3342 483 3402 si
515 3341 620 3421 coepit
651 3339 732 3401 ferre
762 3349 973 3414 transuersos,
1014 3338 1146 3400 difficilis
1177 3339 1218 3400 ad
1249 3339 1386 3401 salutem

159 3471 300 3513 recursus
325 3429 391 3525 est,
419 3447 568 3528 quoniam
600 3445 674 3507 nihil
705 3446 832 3507 rationis
863 3454 927 3520 est,
960 3445 1013 3506 ubi
1043 3445 1142 3507 semel
1172 3445 1317 3507 adlectus
1341 3447 1385 3507 in-

118 3581 144 3622 ευ
160 3559 272 3619 ductus
297 3566 344 3618 est
374 3555 484 3634 iusque
516 3552 556 3614 illi
580 3551 707 3632 aliquod
739 3551 902 3613 uoluntate
925 3559 1033 3612 nostra
1056 3552 1167 3612 datum
1192 3559 1258 3613 est:
1294 3550 1387 3614 faciet

160 3665 200 3726 de
232 3675 338 3725 cetero
368 3670 522 3742 quantum
553 3658 655 3732 uolet,
687 3678 751 3719 non
781 3667 935 3737 quantum
965 3657 1152 3738 permiseris
1206 3657 1237 3717 in
1268 3657 1418 3738 primis?

159 3774 300 3852 inquam,
331 3768 443 3830 finibus
474 3764 574 3827 hostis
605 3764 759 3826 arcendus
783 3772 839 3825 est.
860 3778 864 3785 '
885 3784 959 3825 nam
984 3783 1056 3824 cum
1080 3763 1206 3825 intrauit
1229 3772 1261 3825 et
1285 3765 1386 3845 portis

158 3899 193 3939 se
216 3875 333 3949 intulit,
364 3874 498 3934 modum
529 3891 548 3932 a
579 3871 708 3952 captiuis
732 3890 795 3931 non
819 3871 939 3950 accipit.
965 3888 1089 3949 ·neque
1120 3870 1204 3930 enim
1227 3871 1386 3951 sepositus

159 3993 208 4046 est
231 3983 351 4044 animus
376 3993 406 4042 et
422 3978 617 4040 extrinsecus
640 3974 819 4057 speculatur
835 3973 987 4050 adfectus
1011 3984 1045 4037 ut
1068 3974 1136 4035 illos
1159 3995 1225 4035 non
1248 3977 1387 4056 patiatur

161 4212 192 4265 13
212 4213 302 4277 posue?
320 4211 358 4281 (ῑη
374 4210 430 4278 fine
449 4208 517 4273 ras.)
608 4211 702 4254 rectore
720 4211 774 4253 suut
793 4203 944 4256 deteriores
961 4201 1097 4255 nonrmlli:
1119 4212 1225 4252 rectores
1244 4213 1298 4252 sunt

161 4302 192 4353 ln
213 4302 364 4358 abadlectib3
391 4299 412 4365 (s
428 4295 578 4366 superior.)
725 4291 756 4346 17
776 4309 806 4341 eo
825 4293 905 4357 pergit
926 4288 1014 4368 Koch:
1036 4293 1131 4342 eiseruit
1152 4289 1212 4362 (sed
1230 4293 1249 4340 is
1268 4290 1296 4343 iu
1316 4293 1386 4358 ras.)

955 4372 961 4398 l

303 4425 335 4476 19
354 4425 473 4472 relincunt
493 4422 517 4488 (c
536 4419 564 4473 iu
583 4437 599 4485 q
618 4415 702 4480 corr.)
724 4473 730 4488 Ι
854 4414 888 4468 22
907 4416 1117 4480 nonr5*licuisset
1264 4415 1299 4468 28
1319 4416 1386 4480 cepit
