3046 5092
173 140 231 200 164
395 133 475 178 DlnL.
486 134 535 177 Vll.
565 134 606 174 ΑΙ)
621 133 798 176 GALLIONEM
813 133 854 174 DE
868 133 939 174 VITA
953 133 1060 176 ΒΕΑΤΑ,
1091 135 1124 176 10.
1141 137 1172 176 ll.

167 300 265 360 praua
286 279 345 342 sibi
369 280 468 342 multa
490 284 680 360 suggerere?
704 281 734 341 in
757 281 864 361 primis
889 278 1088 341 insolentiam
1112 288 1144 341 et
1160 279 1289 341 nimiam
1306 279 1397 341 aesti-

168 388 339 448 mationem
363 387 410 448 sui
432 396 655 468 tumoremque
679 386 796 448 elatum
820 408 915 468 super
937 397 1059 448 ceteros
1084 396 1116 448 et
1132 406 1276 449 amorem
1292 407 1397 448 rerum

166 515 293 556 suarum
325 514 453 556 caecum
477 504 509 556 et
533 495 749 576 inprouidum‚
783 494 908 556 delicias
931 494 1055 556 fluentis
1079 503 1111 556 et
1134 514 1176 555 ex
1200 493 1338 555 minimis
1362 514 1398 556 ac

167 598 335 681 puerilibus
358 603 458 662 causis
482 600 724 675 exultationem,
749 602 809 662 iam
835 586 1033 662 dicacitatem
1057 621 1094 663 ac
1117 600 1297 682 superbiam
1323 620 1397 661 con-

113 778 118 795 τ
141 705 302 769 stumeliis
326 708 527 786 gaudentem,
552 708 705 768 desidiam
730 706 1031 787 dissolutionemque
1054 704 1160 788 segnis
1181 706 1275 768 animi
1292 706 1397 769 indor-

168 814 291 874 mientis
329 813 406 874 sibi:
448 813 526 875 haec
562 814 668 874 omnia
700 815 796 874 uirtus
828 814 954 875 discutit
986 820 1018 874 et
1048 833 1155 875 aurem
1189 812 1336 894 peruellit
1366 823 1399 876 et
1417 823 1444 876 3·

169 920 349 1000 uoluptates
372 921 526 994 aestimat,
550 929 721 1001 antequam
745 921 905 994 admittat,
928 940 987 981 nec
1010 940 1087 1000 quas
1110 919 1267 1001 probauit,
1291 921 1400 1001 magni

167 1027 287 1107 pendit,
310 1028 417 1107 utique
441 1027 523 1088 enim
547 1026 693 1101 admittit,
717 1048 775 1088 nec
798 1047 855 1087 usu
877 1046 993 1101 earum,
1017 1028 1075 1088 sed
1090 1027 1302 1108 temperantia
1317 1025 1401 1088 laeta

169 1142 224 1194 est.
264 1133 472 1213 temperantia
496 1142 601 1194 autern
626 1153 697 1194 curn
722 1132 901 1214 uoluptates
918 1136 1044 1206 minuat,
1068 1133 1183 1194 summi
1198 1133 1275 1194 boni
1291 1133 1401 1195 iniuria

132 1252 154 1291 ¹0
169 1249 225 1302 est.
256 1248 290 1300 tu
313 1239 509 1322 uoluptatem
533 1238 748 1319 conplecteris,
773 1260 834 1320 ego
851 1259 1018 1322 conpesco
1049 1247 1083 1301 tu
1098 1225 1264 1320 uoluptate
1280 1237 1401 1314 frueris,

169 1365 230 1425 ego
262 1356 340 1431 utor.
387 1355 421 1407 tu
452 1344 535 1410 illam
567 1366 727 1407 summum
751 1346 869 1407 bonum
894 1356 995 1427 putas,
1019 1366 1080 1426 ego
1104 1366 1163 1408 nec
1185 1345 1319 1409 bonurn.
1366 1356 1401 1409 tu

169 1448 276 1515 omnia
299 1452 469 1533 uoluptatis
493 1473 587 1513 causa
610 1451 692 1528 faciS,
717 1473 778 1533 ego
802 1453 882 1514 nihil.

257 1559 311 1621 XI.
343 1558 424 1621 Cum
448 1561 520 1621 dico
545 1580 597 1621 me
619 1558 693 1620 nihil
718 1559 886 1641 uoluptatis
908 1580 1002 1622 causa
1017 1559 1129 1634 lacere,
1152 1561 1194 1622 de
1215 1559 1268 1621 illo
1283 1559 1432 1642 loquor1

169 1668 319 1749 sapiente,
344 1667 391 1727 cui
414 1665 472 1727 soli
496 1667 642 1727 concedis
667 1666 872 1748 uoluptatem.
904 1687 968 1727 non
986 1687 1067 1728 uoco
1089 1675 1196 1728 autem
1212 1656 1401 1748 sapientem,

132 1786 154 1825 ¹⁵
169 1795 263 1855 supra
286 1793 381 1853 quem
397 1775 565 1853 quicquam
582 1782 638 1847 est,
662 1775 779 1834 nedum
796 1772 962 1854 uoluptas:
989 1773 1075 1854 atqui
1091 1772 1133 1835 ab
1149 1773 1208 1835 hac
1225 1783 1402 1857 occupatus

169 1881 333 1960 quomodo
358 1881 481 1940 resistet
504 1878 604 1941 labori
628 1889 660 1941 et
676 1879 823 1961 periculo
848 1881 982 1959 egestati
998 1889 1030 1942 et
1045 1889 1095 1942 tot
1110 1879 1284 1943 humanam
1301 1881 1400 1944 uitam

170 1985 498 2066 circumstrepentibus
522 1986 632 2047 minis?
664 1987 830 2065 quomodo
854 1997 1061 2066 conspectum
1085 1988 1208 2062 mortiS,
1232 1989 1401 2068 quomodo

171 2091 288 2153 doloris
319 2092 418 2153 leret?
457 2093 622 2174 quomodo
655 2094 763 2154 mundi
794 2092 935 2173 fragores
967 2102 999 2154 et
1027 2101 1150 2155 tantum
1174 2095 1401 2156 acerrimorum

170 2199 307 2260 hostium
332 2206 439 2260 atam
464 2197 550 2259 molli
575 2199 755 2260 aduersario
780 2199 899 2275 uictus?
924 2186 1082 2280 quidquid*
1100 2200 1245 2280 uoluptas
1268 2203 1403 2263 suaserit

130 2317 157 2357 ²0
171 2303 271 2367 saciet.
317 2325 393 2385 age,
432 2325 497 2366 non
529 2305 616 2366 uides
647 2326 743 2387 quam
775 2304 873 2368 multa
904 2326 1032 2368 suasura
1062 2306 1123 2368 sit?
1168 2304 1260 2380 nihil,
1292 2308 1442 2390 inquire

170 2412 287 2494 poterit
309 2413 441 2493 turpiter
464 2412 605 2487 suadere,
629 2413 701 2493 quia
717 2413 863 2474 adiuncta
879 2413 983 2475 uirtuti
999 2422 1055 2476 est.
1092 2432 1158 2475 non
1174 2413 1261 2475 uides
1277 2414 1400 2491 iterum,

171 2518 263 2600 quale
293 2520 333 2581 sit
356 2540 514 2581 summum
539 2519 677 2591 bonurn,
710 2521 756 2580 cui
781 2521 913 2582 custode
937 2540 1018 2602 opus
1042 2528 1106 2595 est,
1137 2530 1171 2583 ut
1194 2520 1317 2582 bonum
1341 2523 1400 2584 sit?

172 2627 268 2688 uirtus
301 2634 407 2687 autem
439 2626 604 2708 quomodo
633 2626 829 2706 uoluptatem
862 2636 967 2705 reget,
1006 2646 1102 2708 quam
1134 2627 1289 2709 sequitur,
1329 2648 1400 2690 cum

171 2733 259 2812 sequi
282 2733 419 2814 parentis
442 2733 490 2807 sit,
514 2752 625 2812 regere
648 2733 849 2814 imperantis?
874 2753 893 2794 a
915 2741 1007 2813 tergo
1031 2735 1122 2814 ponis
1137 2734 1226 2814 quod
1244 2733 1400 2816 imperat?

131 2850 157 2892 25
174 2840 338 2919 egregium
369 2848 475 2899 autern
506 2838 604 2901 habet
635 2839 732 2900 uirtus
756 2838 840 2920 apud
863 2860 920 2901 uos
945 2838 1082 2901 officium
1106 2839 1288 2922 uoluptates
1311 2861 1400 2922 prae-

171 2954 306 3025 gustare.
353 2946 411 3007 sed
435 2944 619 3019 uidebimus,
646 2966 686 3006 an
709 2947 794 3027 apud
817 2966 900 3026 quos
923 2955 989 3007 tam
1013 2945 1243 3008 contumeliose
1264 2954 1432 3011 tractata3

172 3052 268 3113 uirtus
292 3060 349 3127 est,
372 3051 476 3113 adhuc
499 3052 595 3113 uirtus
618 3051 671 3125 sit,
695 3071 776 3132 quae
799 3051 917 3114 habere
940 3073 1058 3114 nornen
1081 3072 1172 3114 suum
1195 3073 1261 3120 non
1283 3045 1400 3136 potest,

172 3157 197 3218 si
220 3157 292 3218 loco
316 3159 426 3218 cessit:
454 3158 593 3232 interim,
626 3159 666 3219 de
690 3178 754 3239 quo
778 3159 895 3239 agitur,
920 3157 1037 3221 multos
1061 3159 1230 3221 ostendam
1254 3160 1399 3244 uolupta-

172 3263 256 3324 tibus
286 3263 449 3337 obsessos,
481 3263 511 3324 in
539 3283 620 3344 quos
652 3262 777 3325 fortuna
800 3264 906 3326 omnia
923 3283 1060 3326 munera
1082 3284 1139 3325 sua
1162 3263 1289 3340 effudit,
1321 3288 1400 3348 quos

132 3385 159 3426 ao
173 3367 295 3431 fatearis
333 3389 462 3430 necesse
501 3377 549 3431 est
589 3368 708 3431 malos:
751 3370 879 3451 adspice
911 3371 1148 3432 Nomentanum
1181 3380 1212 3433 et
1240 3371 1428 3454 Apiciuml

174 3616 187 3666 1
208 3632 285 3680 praua
303 3617 347 3664 sed
365 3616 441 3664 multa
460 3613 519 3667 cod.
540 3632 616 3680 praua
635 3617 683 3664 sibi
701 3616 777 3665 multa
797 3613 904 3672 Haase:
925 3633 1004 3681 praua
1022 3633 1037 3666 a
1055 3633 1082 3666 se
1094 3617 1171 3666 multa
1186 3613 1284 3676 Genu
1304 3634 1399 3672 uerum

173 3702 292 3757 nondum
305 3705 442 3757 inuentum
456 3709 495 3756 est
585 3705 741 3756 estimatione
825 3703 840 3756 5
864 3706 1100 3770 dissolutionemq;r
1191 3704 1281 3771 7quns
1294 3705 1397 3776 Neap.:

172 3795 241 3859 quasi
331 3793 415 3856 magni
435 3794 519 3857 pendit
538 3799 578 3841 aut
597 3795 678 3857 utique
697 3795 772 3842 etiam
792 3794 899 3842 admittit
912 3791 1035 3862 Madvig,
1055 3810 1125 3863 quae
1140 3810 1242 3864 parum
1261 3794 1397 3866 htoelleqoz

173 3881 263 3936 uerbis
285 3884 367 3947 utique
391 3883 456 3931 enim
476 3883 581 3931 admittit
600 3877 778 3950 significatur,
804 3881 930 3951 eoquod
948 3881 1072 3936 admittat
1092 3883 1262 3954 uoluptates,
1285 3883 1401 3955 probari

172 3970 235 4024 illas
254 3988 272 4024 a
291 3986 321 4024 se
338 3986 405 4024 sune
423 3970 550 4023 uirtutem
568 3968 699 4033 indicare,
719 3972 813 4040 rnnqm'
826 3970 919 4042 pendi,
938 3987 993 4025 non
1012 3973 1074 4025 item
1167 3974 1199 4026 15
1218 3981 1277 4025 est*
1297 3976 1398 4026 nedum

264 4061 296 4114 19
315 4079 330 4110 a
348 4069 398 4110 tam
418 4061 487 4110 molli
500 4057 641 4114 Muretus:
664 4078 694 4109 an
715 4062 783 4110 molli
874 4063 966 4126 quich
1048 4061 1091 4115 ‘22
1110 4064 1212 4113 custode
1231 4061 1396 4117 deteriores:

107 4153 109 4157 '
174 4152 299 4199 custodem
395 4148 429 4200 25
454 4153 480 4201 et
506 4147 539 4202 26
565 4150 632 4214 apud
658 4150 686 4212 (d
710 4165 748 4202 ex
773 4160 781 4198 t
807 4150 891 4216 corr.)
991 4149 1025 4203 30
1050 4159 1225 4201 nomentanum
1251 4159 1275 4202 et
1300 4154 1394 4218 apicurr

175 4239 283 4303 (ntnnunr
303 4239 329 4290 iu
348 4239 415 4301 ras.)
506 4240 622 4301 Apicium
642 4237 793 4291 deteriores
