<?xml version="1.0" encoding="UTF-8"?>
<!DOCTYPE html PUBLIC "-//W3C//DTD XHTML 1.0 Transitional//EN"
    "http://www.w3.org/TR/xhtml1/DTD/xhtml1-transitional.dtd">
<html xmlns="http://www.w3.org/1999/xhtml" xml:lang="en" lang="en">
 <head>
  <title>
</title>
<meta http-equiv="Content-Type" content="text/html;charset=utf-8" />
  <meta name='ocr-system' content='tesseract 3.04.00' />
  <meta name='ocr-capabilities' content='ocr_page ocr_carea ocr_par ocr_line ocrx_word'/>
</head>
<body>
  <div class='ocr_page' id='page_1' title='image "./lannaeisenecaed00vahlgoog_0140.png"; bbox 0 0 3046 5092; ppageno 0'>
   <div class='ocr_carea' id='block_1_1' title="bbox 386 364 1280 429">
    <p class='ocr_par' dir='ltr' id='par_1_1' title="bbox 386 364 1280 429">
     <span class='ocr_line' id='line_1_1' title="bbox 386 364 1280 429; baseline 0.015 -24"><span class='ocrx_word' id='word_1_1' title='bbox 386 365 466 410; x_wconf 79' lang='lat' dir='ltr'>mnu.</span> <span class='ocrx_word' id='word_1_2' title='bbox 482 364 507 406; x_wconf 87' lang='lat' dir='ltr'>v.</span> <span class='ocrx_word' id='word_1_3' title='bbox 536 365 577 405; x_wconf 79' lang='lat' dir='ltr'>ns</span> <span class='ocrx_word' id='word_1_4' title='bbox 591 365 644 406; x_wconf 69' lang='lat' dir='ltr'>uta</span> <span class='ocrx_word' id='word_1_5' title='bbox 658 364 715 408; x_wconf 80' lang='lat' dir='ltr'>ma.</span> <span class='ocrx_word' id='word_1_6' title='bbox 730 364 771 405; x_wconf 88' lang='lat'>111.</span> <span class='ocrx_word' id='word_1_7' title='bbox 803 367 834 407; x_wconf 78' lang='lat' dir='ltr'>rr.</span> <span class='ocrx_word' id='word_1_8' title='bbox 851 367 882 407; x_wconf 81' lang='lat' dir='ltr'>ru.</span> <span class='ocrx_word' id='word_1_9' title='bbox 1221 368 1280 429; x_wconf 84' lang='lat'>101</span> 
     </span>
    </p>
   </div>
   <div class='ocr_carea' id='block_1_2' title="bbox 10 510 1328 2943">
    <p class='ocr_par' dir='ltr' id='par_1_2' title="bbox 42 510 1285 809">
     <span class='ocr_line' id='line_1_2' title="bbox 42 510 1283 594; baseline -0.003 -19"><span class='ocrx_word' id='word_1_10' title='bbox 42 533 166 593; x_wconf 88' lang='lat' dir='ltr'>regem</span> <span class='ocrx_word' id='word_1_11' title='bbox 190 512 428 587; x_wconf 84' lang='lat' dir='ltr'>Alexandrum,</span> <span class='ocrx_word' id='word_1_12' title='bbox 459 514 512 594; x_wconf 93' lang='lat' dir='ltr'>qui</span> <span class='ocrx_word' id='word_1_13' title='bbox 536 510 651 573; x_wconf 85' lang='lat' dir='ltr'>Clitum</span> <span class='ocrx_word' id='word_1_14' title='bbox 675 513 867 574; x_wconf 91' lang='lat' dir='ltr'>carissimum</span> <span class='ocrx_word' id='word_1_15' title='bbox 893 511 950 573; x_wconf 90' lang='lat' dir='ltr'>sibi</span> <span class='ocrx_word' id='word_1_16' title='bbox 974 519 1006 572; x_wconf 88' lang='lat' dir='ltr'>et</span> <span class='ocrx_word' id='word_1_17' title='bbox 1028 532 1091 572; x_wconf 91' lang='lat' dir='ltr'>una</span> <span class='ocrx_word' id='word_1_18' title='bbox 1114 510 1283 572; x_wconf 91' lang='lat' dir='ltr'>educatum</span> 
     </span>
     <span class='ocr_line' id='line_1_3' title="bbox 45 618 1285 702; baseline -0.002 -22"><span class='ocrx_word' id='word_1_19' title='bbox 45 621 135 683; x_wconf 88' lang='lat' dir='ltr'>inter</span> <span class='ocrx_word' id='word_1_20' title='bbox 166 619 274 702; x_wconf 86' lang='lat' dir='ltr'>epulas</span> <span class='ocrx_word' id='word_1_21' title='bbox 307 618 473 683; x_wconf 81' lang='lat' dir='ltr'>transfodit</span> <span class='ocrx_word' id='word_1_22' title='bbox 503 640 598 681; x_wconf 90' lang='lat' dir='ltr'>manu</span> <span class='ocrx_word' id='word_1_23' title='bbox 629 621 758 700; x_wconf 90' lang='lat' dir='ltr'>quidem</span> <span class='ocrx_word' id='word_1_24' title='bbox 789 639 861 693; x_wconf 89' lang='lat' dir='ltr'>sua,</span> <span class='ocrx_word' id='word_1_25' title='bbox 896 638 1008 699; x_wconf 93' lang='lat' dir='ltr'>parum</span> <span class='ocrx_word' id='word_1_26' title='bbox 1039 618 1219 680; x_wconf 85' lang='lat' dir='ltr'>adulantem</span> <span class='ocrx_word' id='word_1_27' title='bbox 1253 625 1285 678; x_wconf 94' lang='lat' dir='ltr'>et</span> 
     </span>
     <span class='ocr_line' id='line_1_4' title="bbox 43 725 1285 809; baseline -0.003 -20"><span class='ocrx_word' id='word_1_28' title='bbox 43 729 144 809; x_wconf 86' lang='lat' dir='ltr'>pigre</span> <span class='ocrx_word' id='word_1_29' title='bbox 169 747 211 788; x_wconf 86' lang='lat' dir='ltr'>ex</span> <span class='ocrx_word' id='word_1_30' title='bbox 235 727 413 789; x_wconf 83' lang='lat' dir='ltr'>Macedone</span> <span class='ocrx_word' id='word_1_31' title='bbox 437 747 474 789; x_wconf 91' lang='lat' dir='ltr'>ac</span> <span class='ocrx_word' id='word_1_32' title='bbox 497 726 595 788; x_wconf 88' lang='lat' dir='ltr'>libero</span> <span class='ocrx_word' id='word_1_33' title='bbox 619 728 649 787; x_wconf 91' lang='lat' dir='ltr'>in</span> <span class='ocrx_word' id='word_1_34' title='bbox 673 726 829 787; x_wconf 86' lang='lat' dir='ltr'><strong>Persicam</strong></span> <span class='ocrx_word' id='word_1_35' title='bbox 853 725 1036 787; x_wconf 90' lang='lat' dir='ltr'>seruitutem</span> <span class='ocrx_word' id='word_1_36' title='bbox 1062 733 1285 786; x_wconf 87' lang='lat' dir='ltr'>transeuntem.</span> 
     </span>
    </p>

    <p class='ocr_par' dir='ltr' id='par_1_3' title="bbox 10 831 1312 1128">
     <span class='ocr_line' id='line_1_5' title="bbox 10 831 1286 915; baseline 0.001 -25"><span class='ocrx_word' id='word_1_37' title='bbox 10 845 17 890; x_wconf 69' lang='grc' dir='ltr'>ε</span> <span class='ocrx_word' id='word_1_38' title='bbox 47 854 129 895; x_wconf 90' lang='lat' dir='ltr'>nam</span> <span class='ocrx_word' id='word_1_39' title='bbox 154 834 383 914; x_wconf 89' lang='lat' dir='ltr'>Lysimachum</span> <span class='ocrx_word' id='word_1_40' title='bbox 414 854 514 915; x_wconf 89' lang='lat' dir='ltr'>aeque</span> <span class='ocrx_word' id='word_1_41' title='bbox 544 832 727 894; x_wconf 84' lang='lat' dir='ltr'>familiarem</span> <span class='ocrx_word' id='word_1_42' title='bbox 758 832 816 893; x_wconf 93' lang='lat' dir='ltr'>sibi</span> <span class='ocrx_word' id='word_1_43' title='bbox 842 831 926 894; x_wconf 91' lang='lat' dir='ltr'>leoni</span> <span class='ocrx_word' id='word_1_44' title='bbox 957 833 1080 893; x_wconf 87' lang='lat' dir='ltr'>obiecit.</span> <span class='ocrx_word' id='word_1_45' title='bbox 1133 831 1286 912; x_wconf 91' lang='lat' dir='ltr'>numquid</span> 
     </span>
     <span class='ocr_line' id='line_1_6' title="bbox 48 936 1312 1020; baseline -0.003 -18"><span class='ocrx_word' id='word_1_46' title='bbox 48 960 133 1020; x_wconf 87' lang='lat' dir='ltr'>ergo</span> <span class='ocrx_word' id='word_1_47' title='bbox 166 939 217 1002; x_wconf 92' lang='lat' dir='ltr'>hic</span> <span class='ocrx_word' id='word_1_48' title='bbox 247 940 456 1020; x_wconf 89' lang='lat' dir='ltr'>Lysimachus</span> <span class='ocrx_word' id='word_1_49' title='bbox 495 938 641 1001; x_wconf 89' lang='lat' dir='ltr'>felicitate</span> <span class='ocrx_word' id='word_1_50' title='bbox 679 941 818 1020; x_wconf 94' lang='lat' dir='ltr'>quadam</span> <span class='ocrx_word' id='word_1_51' title='bbox 854 939 1002 1001; x_wconf 79' lang='lat' dir='ltr'>dentibus</span> <span class='ocrx_word' id='word_1_52' title='bbox 1032 939 1130 1000; x_wconf 91' lang='lat' dir='ltr'>leonis</span> <span class='ocrx_word' id='word_1_53' title='bbox 1162 936 1312 1019; x_wconf 81' lang='lat' dir='ltr'>elapsus⁵</span> 
     </span>
     <span class='ocr_line' id='line_1_7' title="bbox 10 1044 1286 1128; baseline 0.002 -24"><span class='ocrx_word' id='word_1_54' title='bbox 10 1052 29 1104; x_wconf 71' lang='lat'><strong>3</strong></span> <span class='ocrx_word' id='word_1_55' title='bbox 51 1047 97 1107; x_wconf 93' lang='lat' dir='ltr'>ob</span> <span class='ocrx_word' id='word_1_56' title='bbox 116 1048 187 1122; x_wconf 87' lang='lat' dir='ltr'>hoc,</span> <span class='ocrx_word' id='word_1_57' title='bbox 212 1067 284 1108; x_wconf 92' lang='lat' dir='ltr'>cum</span> <span class='ocrx_word' id='word_1_58' title='bbox 301 1048 367 1128; x_wconf 93' lang='lat' dir='ltr'>ipse</span> <span class='ocrx_word' id='word_1_59' title='bbox 384 1056 538 1128; x_wconf 80' lang='lat' dir='ltr'>regnaret,</span> <span class='ocrx_word' id='word_1_60' title='bbox 562 1047 667 1108; x_wconf 92' lang='lat' dir='ltr'>mitior</span> <span class='ocrx_word' id='word_1_61' title='bbox 686 1045 759 1108; x_wconf 81' lang='lat' dir='ltr'>fuit?</span> <span class='ocrx_word' id='word_1_62' title='bbox 783 1067 857 1108; x_wconf 93' lang='lat' dir='ltr'>nam</span> <span class='ocrx_word' id='word_1_63' title='bbox 874 1045 1106 1128; x_wconf 89' lang='lat' dir='ltr'>Telesphorum</span> <span class='ocrx_word' id='word_1_64' title='bbox 1123 1044 1286 1107; x_wconf 91' lang='lat' dir='ltr'>Rhodium</span> 
     </span>
    </p>

    <p class='ocr_par' dir='ltr' id='par_1_4' title="bbox 53 1151 1327 1555">
     <span class='ocr_line' id='line_1_8' title="bbox 53 1151 1285 1235; baseline -0.001 -21"><span class='ocrx_word' id='word_1_65' title='bbox 53 1154 194 1215; x_wconf 90' lang='lat' dir='ltr'>amicum</span> <span class='ocrx_word' id='word_1_66' title='bbox 226 1174 317 1215; x_wconf 94' lang='lat' dir='ltr'>suum</span> <span class='ocrx_word' id='word_1_67' title='bbox 350 1154 488 1234; x_wconf 91' lang='lat' dir='ltr'>undique</span> <span class='ocrx_word' id='word_1_68' title='bbox 512 1156 725 1228; x_wconf 89' lang='lat' dir='ltr'>decurtatum,</span> <span class='ocrx_word' id='word_1_69' title='bbox 758 1173 829 1215; x_wconf 93' lang='lat' dir='ltr'>cum</span> <span class='ocrx_word' id='word_1_70' title='bbox 853 1173 944 1215; x_wconf 91' lang='lat' dir='ltr'>aures</span> <span class='ocrx_word' id='word_1_71' title='bbox 967 1152 1009 1214; x_wconf 92' lang='lat' dir='ltr'>illi</span> <span class='ocrx_word' id='word_1_72' title='bbox 1031 1173 1207 1235; x_wconf 90' lang='lat' dir='ltr'>nasumque</span> <span class='ocrx_word' id='word_1_73' title='bbox 1230 1151 1285 1213; x_wconf 90' lang='lat' dir='ltr'>ab·</span> 
     </span>
     <span class='ocr_line' id='line_1_9' title="bbox 54 1259 1286 1341; baseline -0.002 -20"><span class='ocrx_word' id='word_1_74' title='bbox 54 1261 215 1335; x_wconf 85' lang='lat' dir='ltr'>scidisset,</span> <span class='ocrx_word' id='word_1_75' title='bbox 247 1264 276 1322; x_wconf 91' lang='lat' dir='ltr'>in</span> <span class='ocrx_word' id='word_1_76' title='bbox 301 1276 397 1323; x_wconf 89' lang='lat' dir='ltr'>cauea</span> <span class='ocrx_word' id='word_1_77' title='bbox 419 1259 506 1324; x_wconf 89' lang='lat' dir='ltr'>uelut</span> <span class='ocrx_word' id='word_1_78' title='bbox 529 1281 648 1322; x_wconf 92' lang='lat' dir='ltr'>nouum</span> <span class='ocrx_word' id='word_1_79' title='bbox 673 1260 801 1341; x_wconf 90' lang='lat' dir='ltr'>aliquod</span> <span class='ocrx_word' id='word_1_80' title='bbox 826 1259 940 1336; x_wconf 89' lang='lat' dir='ltr'>animal</span> <span class='ocrx_word' id='word_1_81' title='bbox 964 1269 996 1321; x_wconf 91' lang='lat' dir='ltr'>et</span> <span class='ocrx_word' id='word_1_82' title='bbox 1019 1261 1209 1322; x_wconf 90' lang='lat' dir='ltr'>inuisitatum</span> <span class='ocrx_word' id='word_1_83' title='bbox 1234 1261 1286 1321; x_wconf 93' lang='lat' dir='ltr'>diu</span> 
     </span>
     <span class='ocr_line' id='line_1_10' title="bbox 55 1365 1286 1449; baseline 0 -21"><span class='ocrx_word' id='word_1_84' title='bbox 55 1370 151 1449; x_wconf 90' lang='lat' dir='ltr'>pauit,</span> <span class='ocrx_word' id='word_1_85' title='bbox 178 1387 248 1429; x_wconf 92' lang='lat' dir='ltr'>cum</span> <span class='ocrx_word' id='word_1_86' title='bbox 273 1369 336 1429; x_wconf 90' lang='lat' dir='ltr'>oris</span> <span class='ocrx_word' id='word_1_87' title='bbox 359 1369 536 1439; x_wconf 89' lang='lat' dir='ltr'>detruncati</span> <span class='ocrx_word' id='word_1_88' title='bbox 560 1367 755 1448; x_wconf 88' lang='lat' dir='ltr'>mutilatique</span> <span class='ocrx_word' id='word_1_89' title='bbox 772 1366 955 1429; x_wconf 84' lang='lat' dir='ltr'>deformitas</span> <span class='ocrx_word' id='word_1_90' title='bbox 978 1366 1150 1429; x_wconf 88' lang='lat' dir='ltr'>humanam</span> <span class='ocrx_word' id='word_1_91' title='bbox 1175 1365 1286 1428; x_wconf 91' lang='lat' dir='ltr'>faciem</span> 
     </span>
     <span class='ocr_line' id='line_1_11' title="bbox 56 1473 1327 1555; baseline -0.001 -20"><span class='ocrx_word' id='word_1_92' title='bbox 56 1475 252 1555; x_wconf 87' lang='lat' dir='ltr'>perdidisset.</span> <span class='ocrx_word' id='word_1_93' title='bbox 308 1475 482 1536; x_wconf 89' lang='lat' dir='ltr'>accedebat</span> <span class='ocrx_word' id='word_1_94' title='bbox 512 1474 611 1536; x_wconf 89' lang='lat' dir='ltr'>fames</span> <span class='ocrx_word' id='word_1_95' title='bbox 643 1483 675 1535; x_wconf 91' lang='lat' dir='ltr'>et</span> <span class='ocrx_word' id='word_1_96' title='bbox 705 1473 832 1555; x_wconf 91' lang='lat' dir='ltr'>squalor</span> <span class='ocrx_word' id='word_1_97' title='bbox 863 1483 896 1536; x_wconf 93' lang='lat' dir='ltr'>et</span> <span class='ocrx_word' id='word_1_98' title='bbox 926 1473 1055 1535; x_wconf 90' lang='lat' dir='ltr'>inluuies</span> <span class='ocrx_word' id='word_1_99' title='bbox 1085 1474 1225 1554; x_wconf 90' lang='lat' dir='ltr'>corporis</span> <span class='ocrx_word' id='word_1_100' title='bbox 1256 1475 1287 1534; x_wconf 94' lang='lat' dir='ltr'>in</span> <span class='ocrx_word' id='word_1_101' title='bbox 1304 1489 1327 1534; x_wconf 83' lang='lat' dir='ltr'>ru</span> 
     </span>
    </p>

    <p class='ocr_par' dir='ltr' id='par_1_5' title="bbox 33 1565 1327 2194">
     <span class='ocr_line' id='line_1_12' title="bbox 33 1565 1285 1665; baseline 0 -25"><span class='ocrx_word' id='word_1_102' title='bbox 33 1587 286 1665; x_wconf 29' lang='lat' dir='ltr'>lstercoretsuo</span> <span class='ocrx_word' id='word_1_103' title='bbox 317 1581 465 1642; x_wconf 87' lang='lat' dir='ltr'>destituti.</span> <span class='ocrx_word' id='word_1_104' title='bbox 517 1580 640 1642; x_wconf 87' lang='lat' dir='ltr'>callosis</span> <span class='ocrx_word' id='word_1_105' title='bbox 671 1601 765 1662; x_wconf 92' lang='lat' dir='ltr'>super</span> <span class='ocrx_word' id='word_1_106' title='bbox 794 1580 873 1642; x_wconf 89' lang='lat' dir='ltr'>haec</span> <span class='ocrx_word' id='word_1_107' title='bbox 905 1565 1037 1661; x_wconf 84' lang='lat' dir='ltr'>genibus</span> <span class='ocrx_word' id='word_1_108' title='bbox 1070 1579 1285 1660; x_wconf 89' lang='lat' dir='ltr'>manibusque,</span> 
     </span>
     <span class='ocr_line' id='line_1_13' title="bbox 57 1686 1286 1769; baseline -0.001 -21"><span class='ocrx_word' id='word_1_109' title='bbox 57 1707 133 1768; x_wconf 93' lang='lat' dir='ltr'>quas</span> <span class='ocrx_word' id='word_1_110' title='bbox 156 1687 189 1748; x_wconf 91' lang='lat' dir='ltr'>in</span> <span class='ocrx_word' id='word_1_111' title='bbox 213 1707 304 1749; x_wconf 91' lang='lat' dir='ltr'>usum</span> <span class='ocrx_word' id='word_1_112' title='bbox 320 1689 440 1769; x_wconf 91' lang='lat' dir='ltr'>pedum</span> <span class='ocrx_word' id='word_1_113' title='bbox 456 1689 619 1769; x_wconf 87' lang='lat' dir='ltr'>angustiae</span> <span class='ocrx_word' id='word_1_114' title='bbox 643 1688 703 1749; x_wconf 85' lang='lat' dir='ltr'>loci</span> <span class='ocrx_word' id='word_1_115' title='bbox 719 1688 887 1767; x_wconf 88' lang='lat' dir='ltr'>cogebant,</span> <span class='ocrx_word' id='word_1_116' title='bbox 911 1687 1059 1749; x_wconf 90' lang='lat' dir='ltr'>lateribus</span> <span class='ocrx_word' id='word_1_117' title='bbox 1082 1707 1159 1748; x_wconf 93' lang='lat' dir='ltr'>uero</span> <span class='ocrx_word' id='word_1_118' title='bbox 1180 1686 1286 1748; x_wconf 84' lang='lat' dir='ltr'>attritu</span> 
     </span>
     <span class='ocr_line' id='line_1_14' title="bbox 58 1793 1284 1875; baseline -0.002 -20"><span class='ocrx_word' id='word_1_119' title='bbox 58 1793 246 1856; x_wconf 88' lang='lat' dir='ltr'>exulceratis</span> <span class='ocrx_word' id='word_1_120' title='bbox 268 1815 333 1855; x_wconf 93' lang='lat' dir='ltr'>non</span> <span class='ocrx_word' id='word_1_121' title='bbox 357 1796 459 1856; x_wconf 92' lang='lat' dir='ltr'>minus</span> <span class='ocrx_word' id='word_1_122' title='bbox 482 1794 577 1856; x_wconf 85' lang='lat' dir='ltr'>foeda</span> <span class='ocrx_word' id='word_1_123' title='bbox 599 1815 695 1875; x_wconf 90' lang='lat' dir='ltr'>quam</span> <span class='ocrx_word' id='word_1_124' title='bbox 720 1794 862 1856; x_wconf 90' lang='lat' dir='ltr'>terribilis</span> <span class='ocrx_word' id='word_1_125' title='bbox 882 1803 954 1857; x_wconf 90' lang='lat' dir='ltr'>erat</span> <span class='ocrx_word' id='word_1_126' title='bbox 970 1793 1073 1856; x_wconf 92' lang='lat' dir='ltr'>forma</span> <span class='ocrx_word' id='word_1_127' title='bbox 1096 1794 1160 1855; x_wconf 94' lang='lat' dir='ltr'>eius</span> <span class='ocrx_word' id='word_1_128' title='bbox 1184 1794 1284 1854; x_wconf 91' lang='lat' dir='ltr'>uisen-</span> 
     </span>
     <span class='ocr_line' id='line_1_15' title="bbox 58 1900 1286 1982; baseline -0.002 -20"><span class='ocrx_word' id='word_1_129' title='bbox 58 1901 155 1973; x_wconf 83' lang='lat' dir='ltr'>tibus,</span> <span class='ocrx_word' id='word_1_130' title='bbox 181 1900 344 1982; x_wconf 91' lang='lat' dir='ltr'>factusque</span> <span class='ocrx_word' id='word_1_131' title='bbox 371 1920 476 1982; x_wconf 91' lang='lat' dir='ltr'>poena</span> <span class='ocrx_word' id='word_1_132' title='bbox 499 1921 556 1962; x_wconf 91' lang='lat' dir='ltr'>sua</span> <span class='ocrx_word' id='word_1_133' title='bbox 584 1909 760 1962; x_wconf 91' lang='lat' dir='ltr'>monstrum</span> <span class='ocrx_word' id='word_1_134' title='bbox 786 1901 1030 1962; x_wconf 91' lang='lat' dir='ltr'>misericordiam</span> <span class='ocrx_word' id='word_1_135' title='bbox 1058 1921 1186 1981; x_wconf 90' lang='lat' dir='ltr'>quoque</span> <span class='ocrx_word' id='word_1_136' title='bbox 1210 1901 1286 1960; x_wconf 91' lang='lat' dir='ltr'>ami-</span> 
     </span>
     <span class='ocr_line' id='line_1_16' title="bbox 59 2006 1327 2088; baseline -0.003 -19"><span class='ocrx_word' id='word_1_137' title='bbox 59 2016 156 2069; x_wconf 89' lang='lat' dir='ltr'>serat:</span> <span class='ocrx_word' id='word_1_138' title='bbox 191 2015 300 2068; x_wconf 86' lang='lat' dir='ltr'>tamen</span> <span class='ocrx_word' id='word_1_139' title='bbox 330 2027 402 2069; x_wconf 92' lang='lat' dir='ltr'>cum</span> <span class='ocrx_word' id='word_1_140' title='bbox 435 2007 655 2069; x_wconf 91' lang='lat' dir='ltr'>dissimillimus</span> <span class='ocrx_word' id='word_1_141' title='bbox 686 2016 770 2070; x_wconf 91' lang='lat' dir='ltr'>esset</span> <span class='ocrx_word' id='word_1_142' title='bbox 800 2007 920 2069; x_wconf 91' lang='lat' dir='ltr'>homini</span> <span class='ocrx_word' id='word_1_143' title='bbox 951 2009 1003 2088; x_wconf 93' lang='lat' dir='ltr'>qui</span> <span class='ocrx_word' id='word_1_144' title='bbox 1025 2006 1077 2068; x_wconf 89' lang='lat' dir='ltr'>illa</span> <span class='ocrx_word' id='word_1_145' title='bbox 1100 2006 1287 2087; x_wconf 88' lang='lat' dir='ltr'>patiebatur,</span> <span class='ocrx_word' id='word_1_146' title='bbox 1305 2026 1327 2064; x_wconf 83' lang='lat' dir='ltr'>u</span> 
     </span>
     <span class='ocr_line' id='line_1_17' title="bbox 60 2112 572 2194; baseline 0.002 -19"><span class='ocrx_word' id='word_1_147' title='bbox 60 2113 239 2176; x_wconf 90' lang='lat' dir='ltr'>dissimilior</span> <span class='ocrx_word' id='word_1_148' title='bbox 263 2124 331 2176; x_wconf 92' lang='lat' dir='ltr'>erat</span> <span class='ocrx_word' id='word_1_149' title='bbox 353 2114 406 2194; x_wconf 92' lang='lat' dir='ltr'>qui</span> <span class='ocrx_word' id='word_1_150' title='bbox 429 2112 572 2176; x_wconf 88' lang='lat' dir='ltr'>faciebat.</span> 
     </span>
    </p>

    <p class='ocr_par' dir='ltr' id='par_1_6' title="bbox 35 2220 1328 2838">
     <span class='ocr_line' id='line_1_18' title="bbox 35 2220 1289 2303; baseline 0.003 -25"><span class='ocrx_word' id='word_1_151' title='bbox 35 2228 45 2278; x_wconf 86' lang='grc'>1</span> <span class='ocrx_word' id='word_1_152' title='bbox 146 2220 266 2284; x_wconf 90' lang='lat' dir='ltr'><strong>XVIII.</strong></span> <span class='ocrx_word' id='word_1_153' title='bbox 296 2220 426 2284; x_wconf 90' lang='lat' dir='ltr'>Utinam</span> <span class='ocrx_word' id='word_1_154' title='bbox 451 2222 510 2283; x_wconf 87' lang='lat' dir='ltr'>ista</span> <span class='ocrx_word' id='word_1_155' title='bbox 524 2223 654 2283; x_wconf 89' lang='lat' dir='ltr'>saeuitia</span> <span class='ocrx_word' id='word_1_156' title='bbox 677 2223 756 2283; x_wconf 90' lang='lat' dir='ltr'>intra</span> <span class='ocrx_word' id='word_1_157' title='bbox 772 2223 937 2302; x_wconf 87' lang='lat' dir='ltr'>peregrina</span> <span class='ocrx_word' id='word_1_158' title='bbox 958 2220 1107 2303; x_wconf 87' lang='lat' dir='ltr'>exempla</span> <span class='ocrx_word' id='word_1_159' title='bbox 1122 2222 1289 2283; x_wconf 89' lang='lat' dir='ltr'>mansisset</span> 
     </span>
     <span class='ocr_line' id='line_1_19' title="bbox 60 2327 1286 2410; baseline 0 -22"><span class='ocrx_word' id='word_1_160' title='bbox 60 2349 115 2390; x_wconf 93' lang='lat' dir='ltr'>nec</span> <span class='ocrx_word' id='word_1_161' title='bbox 146 2328 178 2388; x_wconf 90' lang='lat' dir='ltr'>in</span> <span class='ocrx_word' id='word_1_162' title='bbox 202 2327 368 2407; x_wconf 85' lang='lat' dir='ltr'>Romanos</span> <span class='ocrx_word' id='word_1_163' title='bbox 399 2348 505 2389; x_wconf 90' lang='lat' dir='ltr'>mores</span> <span class='ocrx_word' id='word_1_164' title='bbox 536 2348 607 2388; x_wconf 91' lang='lat' dir='ltr'>cum</span> <span class='ocrx_word' id='word_1_165' title='bbox 639 2327 703 2389; x_wconf 92' lang='lat' dir='ltr'>aliis</span> <span class='ocrx_word' id='word_1_166' title='bbox 734 2331 917 2391; x_wconf 89' lang='lat' dir='ltr'>aduenticiis</span> <span class='ocrx_word' id='word_1_167' title='bbox 948 2329 1027 2390; x_wconf 91' lang='lat' dir='ltr'>uitiis</span> <span class='ocrx_word' id='word_1_168' title='bbox 1051 2330 1147 2390; x_wconf 91' lang='lat' dir='ltr'>etiam</span> <span class='ocrx_word' id='word_1_169' title='bbox 1171 2328 1286 2410; x_wconf 90' lang='lat' dir='ltr'>suppli-</span> 
     </span>
     <span class='ocr_line' id='line_1_20' title="bbox 61 2434 1288 2517; baseline 0 -22"><span class='ocrx_word' id='word_1_170' title='bbox 61 2435 179 2496; x_wconf 85' lang='lat' dir='ltr'>ciorum</span> <span class='ocrx_word' id='word_1_171' title='bbox 202 2434 381 2514; x_wconf 88' lang='lat' dir='ltr'>irarumque</span> <span class='ocrx_word' id='word_1_172' title='bbox 397 2435 543 2506; x_wconf 86' lang='lat' dir='ltr'>barbaria</span> <span class='ocrx_word' id='word_1_173' title='bbox 558 2435 735 2497; x_wconf 87' lang='lat' dir='ltr'>transisset!</span> <span class='ocrx_word' id='word_1_174' title='bbox 763 2436 805 2497; x_wconf 91' lang='lat' dir='ltr'>M.</span> <span class='ocrx_word' id='word_1_175' title='bbox 823 2437 925 2498; x_wconf 91' lang='lat' dir='ltr'>Mario</span> <span class='ocrx_word' id='word_1_176' title='bbox 946 2437 993 2497; x_wconf 92' lang='lat' dir='ltr'>cui</span> <span class='ocrx_word' id='word_1_177' title='bbox 1010 2436 1136 2496; x_wconf 87' lang='lat' dir='ltr'>uicatim</span> <span class='ocrx_word' id='word_1_178' title='bbox 1152 2434 1288 2517; x_wconf 91' lang='lat' dir='ltr'>populus</span> 
     </span>
     <span class='ocr_line' id='line_1_21' title="bbox 62 2541 1328 2624; baseline -0.003 -22"><span class='ocrx_word' id='word_1_179' title='bbox 62 2550 180 2602; x_wconf 89' lang='lat' dir='ltr'>statuas</span> <span class='ocrx_word' id='word_1_180' title='bbox 204 2550 366 2621; x_wconf 89' lang='lat' dir='ltr'>posuerat,</span> <span class='ocrx_word' id='word_1_181' title='bbox 397 2541 446 2602; x_wconf 92' lang='lat' dir='ltr'>cui</span> <span class='ocrx_word' id='word_1_182' title='bbox 469 2551 538 2603; x_wconf 91' lang='lat' dir='ltr'>ture</span> <span class='ocrx_word' id='word_1_183' title='bbox 561 2562 599 2603; x_wconf 93' lang='lat' dir='ltr'>ac</span> <span class='ocrx_word' id='word_1_184' title='bbox 623 2542 695 2602; x_wconf 91' lang='lat' dir='ltr'>uino</span> <span class='ocrx_word' id='word_1_185' title='bbox 726 2541 928 2624; x_wconf 85' lang='lat' dir='ltr'>supplicarat,</span> <span class='ocrx_word' id='word_1_186' title='bbox 952 2543 987 2603; x_wconf 92' lang='lat' dir='ltr'>L.</span> <span class='ocrx_word' id='word_1_187' title='bbox 1012 2541 1100 2605; x_wconf 92' lang='lat' dir='ltr'>Sulla</span> <span class='ocrx_word' id='word_1_188' title='bbox 1122 2541 1288 2623; x_wconf 88' lang='lat' dir='ltr'>praefringi</span> <span class='ocrx_word' id='word_1_189' title='bbox 1303 2562 1328 2601; x_wconf 81' lang='lat' dir='ltr'>rr</span> 
     </span>
     <span class='ocr_line' id='line_1_22' title="bbox 63 2646 1290 2730; baseline 0.001 -22"><span class='ocrx_word' id='word_1_190' title='bbox 63 2666 158 2722; x_wconf 87' lang='lat' dir='ltr'>crura,</span> <span class='ocrx_word' id='word_1_191' title='bbox 183 2649 248 2708; x_wconf 90' lang='lat' dir='ltr'>erui</span> <span class='ocrx_word' id='word_1_192' title='bbox 271 2646 389 2722; x_wconf 91' lang='lat' dir='ltr'>oculos,</span> <span class='ocrx_word' id='word_1_193' title='bbox 413 2649 569 2728; x_wconf 89' lang='lat' dir='ltr'>amputari</span> <span class='ocrx_word' id='word_1_194' title='bbox 587 2667 697 2710; x_wconf 91' lang='lat' dir='ltr'>manus</span> <span class='ocrx_word' id='word_1_195' title='bbox 721 2650 808 2711; x_wconf 91' lang='lat' dir='ltr'>iussit</span> <span class='ocrx_word' id='word_1_196' title='bbox 831 2659 864 2710; x_wconf 92' lang='lat' dir='ltr'>et</span> <span class='ocrx_word' id='word_1_197' title='bbox 886 2651 974 2730; x_wconf 91' lang='lat' dir='ltr'>quasi</span> <span class='ocrx_word' id='word_1_198' title='bbox 990 2651 1105 2711; x_wconf 88' lang='lat' dir='ltr'>totiens</span> <span class='ocrx_word' id='word_1_199' title='bbox 1130 2649 1290 2711; x_wconf 86' lang='lat' dir='ltr'>occideret</span> 
     </span>
     <span class='ocr_line' id='line_1_23' title="bbox 63 2753 1325 2838; baseline 0.002 -24"><span class='ocrx_word' id='word_1_200' title='bbox 63 2755 205 2834; x_wconf 90' lang='lat' dir='ltr'>quotiens</span> <span class='ocrx_word' id='word_1_201' title='bbox 244 2753 444 2829; x_wconf 86' lang='lat' dir='ltr'>uolnerabat‚</span> <span class='ocrx_word' id='word_1_202' title='bbox 483 2755 633 2835; x_wconf 90' lang='lat' dir='ltr'>paulatim</span> <span class='ocrx_word' id='word_1_203' title='bbox 669 2766 702 2817; x_wconf 89' lang='lat' dir='ltr'>et</span> <span class='ocrx_word' id='word_1_204' title='bbox 732 2776 789 2837; x_wconf 92' lang='lat' dir='ltr'>per</span> <span class='ocrx_word' id='word_1_205' title='bbox 811 2753 959 2838; x_wconf 68' lang='lat' dir='ltr'>[singulos</span> <span class='ocrx_word' id='word_1_206' title='bbox 998 2765 1083 2818; x_wconf 90' lang='lat' dir='ltr'>artus</span> <span class='ocrx_word' id='word_1_207' title='bbox 1121 2755 1288 2817; x_wconf 91' lang='lat' dir='ltr'>lacerabat.</span> <span class='ocrx_word' id='word_1_208' title='bbox 1321 2790 1325 2796; x_wconf 94' lang='lat'><em>·</em></span> 
     </span>
    </p>

    <p class='ocr_par' dir='ltr' id='par_1_7' title="bbox 41 2859 1289 2943">
     <span class='ocr_line' id='line_1_24' title="bbox 41 2859 1289 2943; baseline 0.001 -22"><span class='ocrx_word' id='word_1_209' title='bbox 41 2861 128 2939; x_wconf 75' lang='lat' dir='ltr'>lquis</span> <span class='ocrx_word' id='word_1_210' title='bbox 159 2869 226 2921; x_wconf 90' lang='lat' dir='ltr'>erat</span> <span class='ocrx_word' id='word_1_211' title='bbox 257 2859 345 2922; x_wconf 91' lang='lat' dir='ltr'>huius</span> <span class='ocrx_word' id='word_1_212' title='bbox 376 2860 496 2942; x_wconf 88' lang='lat' dir='ltr'>imperii</span> <span class='ocrx_word' id='word_1_213' title='bbox 528 2863 683 2924; x_wconf 83' lang='lat' dir='ltr'>minister?</span> <span class='ocrx_word' id='word_1_214' title='bbox 715 2864 783 2943; x_wconf 91' lang='lat' dir='ltr'>quis</span> <span class='ocrx_word' id='word_1_215' title='bbox 814 2864 870 2924; x_wconf 91' lang='lat' dir='ltr'>nisi</span> <span class='ocrx_word' id='word_1_216' title='bbox 894 2861 1026 2924; x_wconf 88' lang='lat' dir='ltr'>Catilina</span> <span class='ocrx_word' id='word_1_217' title='bbox 1053 2864 1114 2924; x_wconf 91' lang='lat' dir='ltr'>iam</span> <span class='ocrx_word' id='word_1_218' title='bbox 1138 2864 1169 2923; x_wconf 94' lang='lat' dir='ltr'>in</span> <span class='ocrx_word' id='word_1_219' title='bbox 1192 2881 1289 2924; x_wconf 91' lang='lat' dir='ltr'>omne</span> 
     </span>
    </p>
   </div>
   <div class='ocr_carea' id='block_1_3' title="bbox 71 3017 1289 3140">
    <p class='ocr_par' dir='ltr' id='par_1_8' title="bbox 71 3017 1289 3140">
     <span class='ocr_line' id='line_1_25' title="bbox 436 3017 472 3056; baseline 0 0"><span class='ocrx_word' id='word_1_220' title='bbox 436 3017 472 3056; x_wconf 86' lang='lat' dir='ltr'>uel</span> 
     </span>
     <span class='ocr_line' id='line_1_26' title="bbox 71 3073 1289 3140; baseline -0.001 -17"><span class='ocrx_word' id='word_1_221' title='bbox 71 3074 80 3123; x_wconf 97' lang='grc'>1</span> <span class='ocrx_word' id='word_1_222' title='bbox 99 3076 233 3124; x_wconf 64' lang='lat' dir='ltr'>alexandri]</span> <span class='ocrx_word' id='word_1_223' title='bbox 253 3073 414 3140; x_wconf 77' lang='lat' dir='ltr'>(sequuntur</span> <span class='ocrx_word' id='word_1_224' title='bbox 430 3081 490 3122; x_wconf 90' lang='lat' dir='ltr'>nota</span> <span class='ocrx_word' id='word_1_225' title='bbox 510 3073 646 3125; x_wconf 79' lang='lat' dir='ltr'>alexandrl&#39;l</span> <span class='ocrx_word' id='word_1_226' title='bbox 665 3076 772 3124; x_wconf 89' lang='lat' dir='ltr'>amicum</span> <span class='ocrx_word' id='word_1_227' title='bbox 793 3091 860 3123; x_wconf 88' lang='lat' dir='ltr'>suum</span> <span class='ocrx_word' id='word_1_228' title='bbox 881 3076 964 3124; x_wconf 89' lang='lat' dir='ltr'>clitum</span> <span class='ocrx_word' id='word_1_229' title='bbox 984 3076 1047 3124; x_wconf 87' lang='lat' dir='ltr'>inter</span> <span class='ocrx_word' id='word_1_230' title='bbox 1064 3076 1148 3139; x_wconf 89' lang='lat' dir='ltr'>epulas</span> <span class='ocrx_word' id='word_1_231' title='bbox 1167 3075 1289 3123; x_wconf 89' lang='lat' dir='ltr'>occidisse</span> 
     </span>
    </p>
   </div>
   <div class='ocr_carea' id='block_1_4' title="bbox 73 3147 1288 3286">
    <p class='ocr_par' dir='ltr' id='par_1_9' title="bbox 73 3147 1288 3286">
     <span class='ocr_line' id='line_1_27' title="bbox 465 3147 1085 3200; baseline -0.006 -6"><span class='ocrx_word' id='word_1_232' title='bbox 465 3161 469 3168; x_wconf 91' lang='lat'>·</span> <span class='ocrx_word' id='word_1_233' title='bbox 916 3147 932 3200; x_wconf 86' lang='grc'>1,</span> <span class='ocrx_word' id='word_1_234' title='bbox 964 3147 1010 3194; x_wconf 85' lang='lat' dir='ltr'>iml</span> <span class='ocrx_word' id='word_1_235' title='bbox 1082 3186 1085 3190; x_wconf 77' lang='grc'><strong><em>,</em></strong></span> 
     </span>
     <span class='ocr_line' id='line_1_28' title="bbox 73 3163 1288 3286; baseline 0.003 -22"><span class='ocrx_word' id='word_1_236' title='bbox 73 3217 144 3278; x_wconf 82' lang='lat' dir='ltr'>quiet</span> <span class='ocrx_word' id='word_1_237' title='bbox 162 3216 345 3280; x_wconf 85' lang='lat' dir='ltr'>condiscipulus</span> <span class='ocrx_word' id='word_1_238' title='bbox 365 3216 399 3264; x_wconf 88' lang='lat' dir='ltr'>illi</span> <span class='ocrx_word' id='word_1_239' title='bbox 418 3173 552 3267; x_wconf 68' lang='lat' dir='ltr'>suillium</span> <span class='ocrx_word' id='word_1_240' title='bbox 571 3220 733 3270; x_wconf 80' lang='lat' dir='ltr'>transuersa</span> <span class='ocrx_word' id='word_1_241' title='bbox 752 3214 850 3281; x_wconf 80' lang='lat' dir='ltr'>delete)</span> <span class='ocrx_word' id='word_1_242' title='bbox 930 3163 977 3266; x_wconf 69' lang='lat' dir='ltr'>uria</span> <span class='ocrx_word' id='word_1_243' title='bbox 997 3217 1146 3286; x_wconf 78' lang='lat' dir='ltr'>(erepraser.</span> <span class='ocrx_word' id='word_1_244' title='bbox 1167 3216 1288 3280; x_wconf 55' lang='lat' dir='ltr'>austrea.)</span> 
     </span>
    </p>
   </div>
   <div class='ocr_carea' id='block_1_5' title="bbox 79 3304 1289 3640">
    <p class='ocr_par' dir='ltr' id='par_1_10' title="bbox 79 3304 1289 3640">
     <span class='ocr_line' id='line_1_29' title="bbox 168 3304 1287 3372; baseline 0.003 -19"><span class='ocrx_word' id='word_1_245' title='bbox 168 3306 184 3358; x_wconf 78' lang='grc'>2</span> <span class='ocrx_word' id='word_1_246' title='bbox 204 3311 268 3370; x_wconf 75' lang='lat' dir='ltr'>paru</span> <span class='ocrx_word' id='word_1_247' title='bbox 288 3305 404 3356; x_wconf 65' lang='lat' dir='ltr'>adulante</span> <span class='ocrx_word' id='word_1_248' title='bbox 424 3305 449 3370; x_wconf 81' lang='lat' dir='ltr'>(a</span> <span class='ocrx_word' id='word_1_249' title='bbox 467 3311 530 3372; x_wconf 80' lang='lat' dir='ltr'>post</span> <span class='ocrx_word' id='word_1_250' title='bbox 548 3312 565 3356; x_wconf 79' lang='lat'>1&#39;1</span> <span class='ocrx_word' id='word_1_251' title='bbox 587 3319 661 3359; x_wconf 79' lang='lat' dir='ltr'>corr.</span> <span class='ocrx_word' id='word_1_252' title='bbox 681 3304 709 3356; x_wconf 77' lang='lat' dir='ltr'>ele</span> <span class='ocrx_word' id='word_1_253' title='bbox 728 3307 795 3366; x_wconf 71' lang='lat' dir='ltr'>real</span> <span class='ocrx_word' id='word_1_254' title='bbox 904 3305 921 3357; x_wconf 82' lang='lat'>4</span> <span class='ocrx_word' id='word_1_255' title='bbox 939 3307 1048 3371; x_wconf 90' lang='lat' dir='ltr'>nunquid</span> <span class='ocrx_word' id='word_1_256' title='bbox 1162 3305 1287 3368; x_wconf 66' lang='lat' dir='ltr'>Tuast&#39;lq3</span> 
     </span>
     <span class='ocr_line' id='line_1_30' title="bbox 79 3385 1288 3463; baseline -0.002 -18"><span class='ocrx_word' id='word_1_257' title='bbox 79 3393 107 3456; x_wconf 61' lang='grc' dir='ltr'>(φ</span> <span class='ocrx_word' id='word_1_258' title='bbox 123 3400 204 3456; x_wconf 69' lang='lat' dir='ltr'>amr.)</span> <span class='ocrx_word' id='word_1_259' title='bbox 325 3392 342 3445; x_wconf 82' lang='lat' dir='ltr'>d</span> <span class='ocrx_word' id='word_1_260' title='bbox 361 3394 462 3458; x_wconf 85' lang='lat' dir='ltr'>aliquod</span> <span class='ocrx_word' id='word_1_261' title='bbox 481 3395 574 3442; x_wconf 87' lang='lat' dir='ltr'>animal</span> <span class='ocrx_word' id='word_1_262' title='bbox 592 3392 652 3446; x_wconf 84' lang='lat' dir='ltr'>eod.</span> <span class='ocrx_word' id='word_1_263' title='bbox 673 3395 765 3443; x_wconf 85' lang='lat' dir='ltr'>animal</span> <span class='ocrx_word' id='word_1_264' title='bbox 783 3385 883 3459; x_wconf 87' lang='lat' dir='ltr'>aliquod</span> <span class='ocrx_word' id='word_1_265' title='bbox 902 3393 985 3463; x_wconf 69' lang='lat' dir='ltr'>urelqo</span> <span class='ocrx_word' id='word_1_266' title='bbox 1104 3393 1121 3447; x_wconf 82' lang='lat'>8</span> <span class='ocrx_word' id='word_1_267' title='bbox 1141 3395 1288 3443; x_wconf 83' lang='lat' dir='ltr'>inuisitatum</span> 
     </span>
     <span class='ocr_line' id='line_1_31' title="bbox 83 3478 1289 3552; baseline 0.003 -22"><span class='ocrx_word' id='word_1_268' title='bbox 83 3478 217 3536; x_wconf 77' lang='lat' dir='ltr'>Buttleiur:</span> <span class='ocrx_word' id='word_1_269' title='bbox 239 3483 379 3531; x_wconf 84' lang='lat' dir='ltr'>inusitatum</span> <span class='ocrx_word' id='word_1_270' title='bbox 417 3498 419 3503; x_wconf 93' lang='grc'><strong><em>·</em></strong></span> <span class='ocrx_word' id='word_1_271' title='bbox 470 3481 486 3533; x_wconf 80' lang='lat' dir='ltr'>u</span> <span class='ocrx_word' id='word_1_272' title='bbox 505 3483 615 3532; x_wconf 73' lang='lat' dir='ltr'>humana</span> <span class='ocrx_word' id='word_1_273' title='bbox 629 3483 694 3534; x_wconf 76' lang='lat' dir='ltr'>facie</span> <span class='ocrx_word' id='word_1_274' title='bbox 714 3484 908 3552; x_wconf 74' lang='lat' dir='ltr'>(posthumam</span> <span class='ocrx_word' id='word_1_275' title='bbox 927 3481 1032 3535; x_wconf 80' lang='lat' dir='ltr'>lr&#39;uerae</span> <span class='ocrx_word' id='word_1_276' title='bbox 1045 3480 1192 3535; x_wconf 77' lang='lat' dir='ltr'>noiraellue</span> <span class='ocrx_word' id='word_1_277' title='bbox 1204 3488 1289 3551; x_wconf 74' lang='lat' dir='ltr'>eppe·</span> 
     </span>
     <span class='ocr_line' id='line_1_32' title="bbox 82 3570 1289 3640; baseline 0.002 -23"><span class='ocrx_word' id='word_1_278' title='bbox 82 3580 191 3638; x_wconf 84' lang='lat' dir='ltr'>ruerunt,</span> <span class='ocrx_word' id='word_1_279' title='bbox 218 3570 342 3640; x_wconf 71' lang='lat' dir='ltr'>querneus</span> <span class='ocrx_word' id='word_1_280' title='bbox 356 3586 458 3640; x_wconf 76' lang='lat' dir='ltr'>perum</span> <span class='ocrx_word' id='word_1_281' title='bbox 479 3579 606 3640; x_wconf 78' lang='lat' dir='ltr'>apertae,</span> <span class='ocrx_word' id='word_1_282' title='bbox 630 3570 756 3638; x_wconf 76' lang='lat' dir='ltr'>firrtusse</span> <span class='ocrx_word' id='word_1_283' title='bbox 779 3578 824 3638; x_wconf 72' lang='lat' dir='ltr'>ue,</span> <span class='ocrx_word' id='word_1_284' title='bbox 851 3579 879 3623; x_wconf 83' lang='lat' dir='ltr'>ut</span> <span class='ocrx_word' id='word_1_285' title='bbox 904 3574 1028 3624; x_wconf 74' lang='lat' dir='ltr'>conicere</span> <span class='ocrx_word' id='word_1_286' title='bbox 1053 3571 1131 3624; x_wconf 82' lang='lat' dir='ltr'>liceat</span> <span class='ocrx_word' id='word_1_287' title='bbox 1155 3574 1289 3621; x_wconf 84' lang='lat' dir='ltr'>humanam</span> 
     </span>
    </p>
   </div>
   <div class='ocr_carea' id='block_1_6' title="bbox 83 3654 1290 3746">
    <p class='ocr_par' dir='ltr' id='par_1_11' title="bbox 83 3654 1290 3746">
     <span class='ocr_line' id='line_1_33' title="bbox 83 3654 1290 3746; baseline 0.004 -25"><span class='ocrx_word' id='word_1_288' title='bbox 83 3687 162 3726; x_wconf 79' lang='lat' dir='ltr'>ornnem</span> <span class='ocrx_word' id='word_1_289' title='bbox 184 3678 284 3743; x_wconf 78' lang='lat' dir='ltr'>faciem)</span> <span class='ocrx_word' id='word_1_290' title='bbox 359 3677 392 3728; x_wconf 83' lang='lat'>10</span> <span class='ocrx_word' id='word_1_291' title='bbox 411 3654 529 3741; x_wconf 71' lang='lat' dir='ltr'>pdidfset</span> <span class='ocrx_word' id='word_1_292' title='bbox 550 3679 620 3746; x_wconf 79' lang='lat' dir='ltr'>(pere</span> <span class='ocrx_word' id='word_1_293' title='bbox 640 3677 706 3732; x_wconf 81' lang='lat' dir='ltr'>iull.</span> <span class='ocrx_word' id='word_1_294' title='bbox 721 3693 778 3731; x_wconf 79' lang='lat' dir='ltr'>res.</span> <span class='ocrx_word' id='word_1_295' title='bbox 792 3678 872 3729; x_wconf 84' lang='lat' dir='ltr'>unius</span> <span class='ocrx_word' id='word_1_296' title='bbox 885 3677 1000 3744; x_wconf 80' lang='lat' dir='ltr'>litterae)</span> <span class='ocrx_word' id='word_1_297' title='bbox 1073 3679 1150 3728; x_wconf 84' lang='lat' dir='ltr'>fames</span> <span class='ocrx_word' id='word_1_298' title='bbox 1171 3679 1290 3743; x_wconf 69' lang='lat' dir='ltr'>isqualor</span> 
     </span>
    </p>
   </div>
   <div class='ocr_carea' id='block_1_7' title="bbox 81 3747 1356 4297">
    <p class='ocr_par' dir='ltr' id='par_1_12' title="bbox 85 3747 1289 3855">
     <span class='ocr_line' id='line_1_34' title="bbox 85 3747 1289 3855; baseline 0.007 -27"><span class='ocrx_word' id='word_1_299' title='bbox 85 3776 132 3855; x_wconf 70' lang='lat' dir='ltr'>(eiu</span> <span class='ocrx_word' id='word_1_300' title='bbox 147 3786 212 3848; x_wconf 79' lang='lat' dir='ltr'>ros.)</span> <span class='ocrx_word' id='word_1_301' title='bbox 312 3786 426 3842; x_wconf 75' lang='lat' dir='ltr'>7illuuies</span> <span class='ocrx_word' id='word_1_302' title='bbox 446 3784 506 3849; x_wconf 80' lang='lat' dir='ltr'>(riu</span> <span class='ocrx_word' id='word_1_303' title='bbox 526 3786 592 3850; x_wconf 81' lang='lat' dir='ltr'>res.)</span> <span class='ocrx_word' id='word_1_304' title='bbox 701 3785 726 3836; x_wconf 91' lang='lat' dir='ltr'>ll</span> <span class='ocrx_word' id='word_1_305' title='bbox 749 3747 847 3834; x_wconf 81' lang='lat' dir='ltr'>calosis</span> <span class='ocrx_word' id='word_1_306' title='bbox 973 3787 1096 3850; x_wconf 82' lang='lat' dir='ltr'>manib;q;</span> <span class='ocrx_word' id='word_1_307' title='bbox 1118 3786 1153 3850; x_wconf 79' lang='lat' dir='ltr'>(q3</span> <span class='ocrx_word' id='word_1_308' title='bbox 1175 3785 1201 3837; x_wconf 85' lang='lat' dir='ltr'>in</span> <span class='ocrx_word' id='word_1_309' title='bbox 1222 3782 1289 3851; x_wconf 82' lang='lat' dir='ltr'>rus.)</span> 
     </span>
    </p>

    <p class='ocr_par' dir='ltr' id='par_1_13' title="bbox 81 3873 1356 4297">
     <span class='ocr_line' id='line_1_35' title="bbox 156 3873 1289 3941; baseline -0.002 -17"><span class='ocrx_word' id='word_1_310' title='bbox 156 3873 185 3924; x_wconf 83' lang='lat'>12</span> <span class='ocrx_word' id='word_1_311' title='bbox 206 3874 289 3922; x_wconf 89' lang='lat' dir='ltr'>attritu</span> <span class='ocrx_word' id='word_1_312' title='bbox 309 3873 403 3939; x_wconf 83' lang='lat' dir='ltr'>(totum</span> <span class='ocrx_word' id='word_1_313' title='bbox 422 3873 449 3925; x_wconf 79' lang='lat' dir='ltr'>in</span> <span class='ocrx_word' id='word_1_314' title='bbox 467 3874 535 3940; x_wconf 71' lang='lat' dir='ltr'>ret.)</span> <span class='ocrx_word' id='word_1_315' title='bbox 629 3873 660 3925; x_wconf 82' lang='lat'>13</span> <span class='ocrx_word' id='word_1_316' title='bbox 680 3874 737 3936; x_wconf 76' lang='lat' dir='ltr'>feda</span> <span class='ocrx_word' id='word_1_317' title='bbox 829 3873 861 3925; x_wconf 82' lang='grc'>14</span> <span class='ocrx_word' id='word_1_318' title='bbox 881 3891 945 3938; x_wconf 71' lang='lat' dir='ltr'>pena</span> <span class='ocrx_word' id='word_1_319' title='bbox 1036 3875 1068 3926; x_wconf 76' lang='grc'>11)</span> <span class='ocrx_word' id='word_1_320' title='bbox 1088 3877 1129 3939; x_wconf 90' lang='lat' dir='ltr'>qui</span> <span class='ocrx_word' id='word_1_321' title='bbox 1147 3876 1172 3941; x_wconf 70' lang='lat' dir='ltr'>ip</span> <span class='ocrx_word' id='word_1_322' title='bbox 1192 3875 1235 3923; x_wconf 84' lang='lat' dir='ltr'>illa</span> <span class='ocrx_word' id='word_1_323' title='bbox 1254 3874 1289 3939; x_wconf 85' lang='lat' dir='ltr'>(in</span> 
     </span>
     <span class='ocr_line' id='line_1_36' title="bbox 81 3960 1288 4032; baseline 0.007 -24"><span class='ocrx_word' id='word_1_324' title='bbox 81 3965 229 4032; x_wconf 56' lang='lat' dir='ltr'>punctatum,</span> <span class='ocrx_word' id='word_1_325' title='bbox 245 3967 393 4030; x_wconf 82' lang='lat' dir='ltr'>praeterea</span> <span class='ocrx_word' id='word_1_326' title='bbox 412 3960 511 4015; x_wconf 82' lang='lat' dir='ltr'>lineola</span> <span class='ocrx_word' id='word_1_327' title='bbox 531 3967 690 4015; x_wconf 78' lang='lat' dir='ltr'>transuerso</span> <span class='ocrx_word' id='word_1_328' title='bbox 707 3960 835 4029; x_wconf 83' lang='lat' dir='ltr'>deletum)</span> <span class='ocrx_word' id='word_1_329' title='bbox 910 3963 943 4016; x_wconf 80' lang='grc'>17</span> <span class='ocrx_word' id='word_1_330' title='bbox 962 3965 1047 4014; x_wconf 85' lang='lat' dir='ltr'>seuitia</span> <span class='ocrx_word' id='word_1_331' title='bbox 1120 3963 1154 4016; x_wconf 78' lang='lat'>20</span> <span class='ocrx_word' id='word_1_332' title='bbox 1174 3981 1203 4012; x_wconf 87' lang='lat' dir='ltr'>ac</span> <span class='ocrx_word' id='word_1_333' title='bbox 1222 3965 1288 4017; x_wconf 89' lang='lat' dir='ltr'>uino.</span> 
     </span>
     <span class='ocr_line' id='line_1_37' title="bbox 83 4039 1289 4122; baseline -0.005 -16"><span class='ocrx_word' id='word_1_334' title='bbox 83 4039 109 4106; x_wconf 73' lang='lat' dir='ltr'>ll·</span> <span class='ocrx_word' id='word_1_335' title='bbox 126 4047 178 4114; x_wconf 82' lang='lat' dir='ltr'>(loe</span> <span class='ocrx_word' id='word_1_336' title='bbox 196 4048 313 4103; x_wconf 73' lang='lat' dir='ltr'>uerendi</span> <span class='ocrx_word' id='word_1_337' title='bbox 329 4049 436 4120; x_wconf 75' lang='lat' dir='ltr'>siquem</span> <span class='ocrx_word' id='word_1_338' title='bbox 454 4050 612 4120; x_wconf 81' lang='lat' dir='ltr'>saepissime</span> <span class='ocrx_word' id='word_1_339' title='bbox 631 4051 657 4102; x_wconf 84' lang='lat' dir='ltr'>iu</span> <span class='ocrx_word' id='word_1_340' title='bbox 677 4052 800 4120; x_wconf 72' lang='lat' dir='ltr'>inerpe&#39;ue</span> <span class='ocrx_word' id='word_1_341' title='bbox 820 4050 922 4104; x_wconf 77' lang='lat' dir='ltr'>codicis</span> <span class='ocrx_word' id='word_1_342' title='bbox 940 4054 1068 4122; x_wconf 83' lang='lat' dir='ltr'>apparet)</span> <span class='ocrx_word' id='word_1_343' title='bbox 1140 4053 1289 4118; x_wconf 83' lang='lat' dir='ltr'>supplicarat</span> 
     </span>
     <span class='ocr_line' id='line_1_38' title="bbox 87 4127 1356 4209; baseline 0.012 -31"><span class='ocrx_word' id='word_1_344' title='bbox 87 4127 164 4190; x_wconf 70' lang='lat' dir='ltr'>Gertz:</span> <span class='ocrx_word' id='word_1_345' title='bbox 188 4141 345 4206; x_wconf 86' lang='lat' dir='ltr'>supplicabat</span> <span class='ocrx_word' id='word_1_346' title='bbox 460 4140 528 4204; x_wconf 84' lang='lat' dir='ltr'>Sylla</span> <span class='ocrx_word' id='word_1_347' title='bbox 636 4140 665 4191; x_wconf 66' lang='lat' dir='ltr'>[ll</span> <span class='ocrx_word' id='word_1_348' title='bbox 696 4143 817 4205; x_wconf 85' lang='lat' dir='ltr'>amputari</span> <span class='ocrx_word' id='word_1_349' title='bbox 840 4142 927 4209; x_wconf 57' lang='lat' dir='ltr'>lingua</span> <span class='ocrx_word' id='word_1_350' title='bbox 955 4159 1022 4200; x_wconf 77' lang='lat' dir='ltr'>mam</span> <span class='ocrx_word' id='word_1_351' title='bbox 1050 4142 1145 4207; x_wconf 77' lang='lat' dir='ltr'>(lingut&#39;t</span> <span class='ocrx_word' id='word_1_352' title='bbox 1168 4144 1289 4193; x_wconf 76' lang='lat' dir='ltr'>eiulatum</span> <span class='ocrx_word' id='word_1_353' title='bbox 1346 4151 1356 4159; x_wconf 83' lang='lat'><strong>‘</strong></span> 
     </span>
     <span class='ocr_line' id='line_1_39' title="bbox 86 4222 1289 4297; baseline 0.005 -21"><span class='ocrx_word' id='word_1_354' title='bbox 86 4222 248 4290; x_wconf 76' lang='lat' dir='ltr'>etpraeteree</span> <span class='ocrx_word' id='word_1_355' title='bbox 267 4226 366 4281; x_wconf 78' lang='lat' dir='ltr'>lineola</span> <span class='ocrx_word' id='word_1_356' title='bbox 384 4234 545 4281; x_wconf 82' lang='lat' dir='ltr'>transuersa</span> <span class='ocrx_word' id='word_1_357' title='bbox 559 4226 675 4282; x_wconf 82' lang='lat' dir='ltr'>deletum</span> <span class='ocrx_word' id='word_1_358' title='bbox 688 4230 812 4282; x_wconf 69' lang='lat' dir='ltr'>innuerite</span> <span class='ocrx_word' id='word_1_359' title='bbox 825 4229 995 4284; x_wconf 80' lang='lat' dir='ltr'>retinendum</span> <span class='ocrx_word' id='word_1_360' title='bbox 1015 4246 1073 4283; x_wconf 81' lang='lat' dir='ltr'>esse</span> <span class='ocrx_word' id='word_1_361' title='bbox 1092 4237 1182 4283; x_wconf 81' lang='lat' dir='ltr'>censet</span> <span class='ocrx_word' id='word_1_362' title='bbox 1197 4227 1289 4297; x_wconf 81' lang='lat' dir='ltr'>Gertz)</span> 
     </span>
    </p>
   </div>
   <div class='ocr_carea' id='block_1_8' title="bbox 157 4313 1350 4461">
    <p class='ocr_par' dir='ltr' id='par_1_14' title="bbox 157 4313 1350 4461">
     <span class='ocr_line' id='line_1_40' title="bbox 157 4313 1350 4461; baseline -0.001 -55"><span class='ocrx_word' id='word_1_363' title='bbox 157 4329 343 4461; x_wconf 44' lang='grc' dir='ltr'>211011ἐέῙὶΙ</span> <span class='ocrx_word' id='word_1_364' title='bbox 399 4351 432 4406; x_wconf 79' lang='grc'>22</span> <span class='ocrx_word' id='word_1_365' title='bbox 452 4354 595 4403; x_wconf 88' lang='lat' dir='ltr'>uulnerabat</span> <span class='ocrx_word' id='word_1_366' title='bbox 698 4355 831 4404; x_wconf 84' lang='lat' dir='ltr'>lacerabat&#39;</span> <span class='ocrx_word' id='word_1_367' title='bbox 844 4353 932 4408; x_wconf 71' lang='lat' dir='ltr'>Koch:</span> <span class='ocrx_word' id='word_1_368' title='bbox 954 4313 1073 4415; x_wconf 64' lang='lat' dir='ltr'>lacerabit</span> <span class='ocrx_word' id='word_1_369' title='bbox 1092 4354 1153 4408; x_wconf 79' lang='lat' dir='ltr'>cod.</span> <span class='ocrx_word' id='word_1_370' title='bbox 1173 4357 1290 4406; x_wconf 85' lang='lat' dir='ltr'>lacerauit</span> <span class='ocrx_word' id='word_1_371' title='bbox 1348 4363 1350 4367; x_wconf 88' lang='lat'>&#39;</span> 
     </span>
     <span class='ocr_line' id='line_1_41' title="bbox 322 4435 371 4461; baseline 0 0"><span class='ocrx_word' id='word_1_372' title='bbox 322 4435 371 4461; x_wconf 81' lang='lat' dir='ltr'>ulus</span> 
     </span>
    </p>
   </div>
   <div class='ocr_carea' id='block_1_9' title="bbox 89 4469 440 4542">
    <p class='ocr_par' dir='ltr' id='par_1_15' title="bbox 89 4469 440 4542">
     <span class='ocr_line' id='line_1_42' title="bbox 89 4469 440 4542; baseline 0.017 -22"><span class='ocrx_word' id='word_1_373' title='bbox 89 4469 152 4541; x_wconf 67' lang='lat' dir='ltr'>uulgo</span> <span class='ocrx_word' id='word_1_374' title='bbox 219 4477 253 4530; x_wconf 76' lang='lat'>23</span> <span class='ocrx_word' id='word_1_375' title='bbox 273 4484 325 4526; x_wconf 88' lang='lat' dir='ltr'>erat</span> <span class='ocrx_word' id='word_1_376' title='bbox 344 4479 440 4542; x_wconf 86' lang='lat' dir='ltr'>imperii</span> 
     </span>
    </p>
   </div>
   <div class='ocr_carea' id='block_1_10' title="bbox 0 0 1543 5092">
    <p class='ocr_par' dir='ltr' id='par_1_16' title="bbox 0 0 1543 5092">
     <span class='ocr_line' id='line_1_43' title="bbox 0 0 1543 5092; baseline 0 0"><span class='ocrx_word' id='word_1_377' title='bbox 0 0 1543 5092; x_wconf 95' lang='lat' dir='ltr'> </span> 
     </span>
    </p>
   </div>
  </div>
 </body>
</html>
