3060 5078
157 343 195 402 14
368 334 447 410 DIAL..
468 335 485 378 l.
508 332 610 385 QVARE
627 332 738 384 ALlQVA
757 331 945 375 INCOMMODA
966 329 1055 370 BONIS
1074 328 1152 371 VIRIS

153 481 270 562 flagitia
301 489 332 543 et
371 481 578 560 cogitationes
617 479 766 562 inprobas
804 488 837 541 et
874 478 966 540 auida
996 477 1124 540 consilia
1153 486 1186 540 et
1216 477 1375 541 libidinem

153 608 280 650 caecam
304 595 336 649 et
359 588 461 650 alieno
485 588 689 649 inminentem
713 587 883 648 auaritiam.
924 587 1010 666 ipsos
1033 595 1138 648 tuetur
1161 606 1198 646 ac
1222 586 1374 649 uindicat:

153 695 306 775 numquid
337 693 402 773 hoc
430 715 557 774 quoque
580 693 689 774 aliquis
713 714 731 754 a
755 695 817 754 deo
841 693 952 772 exigit,
983 700 1018 753 ut
1048 692 1207 754 bonorum
1240 693 1376 753 uirorum

96 856 99 861 .
154 803 247 862 etiam
272 802 406 862 sarcinas
434 803 558 862 seruet?
591 802 754 862 remittunt
786 783 843 880 ipsi
874 798 957 860 hanc
987 799 1049 860 deo
1074 819 1195 860 curam:
1246 781 1378 860 externa

127 916 369 968 scontemnunt.
414 907 617 968 Democritus
645 907 767 968 diuitias
790 906 921 986 proiecit
944 925 1024 965 onus
1048 904 1114 965 illas
1138 902 1243 965 bonae
1265 905 1407 965 mentis?

155 1014 355 1074 existimans:
390 1014 466 1093 quid
497 1033 574 1094 ergo
607 1014 743 1086 miraris,
774 1013 799 1072 si
829 1012 861 1072 id
893 1013 972 1072 deus
1008 1009 1096 1073 bono
1136 1012 1202 1073 uiro
1238 1011 1378 1072 accidere

154 1121 278 1200 patitur,
302 1120 390 1198 quod
414 1119 459 1180 uir
474 1118 578 1180 bonus
594 1118 762 1199 aliquando
787 1117 854 1179 uolt
874 1117 933 1178 sibi
949 1117 1112 1179 accidere?
1136 1116 1215 1179 filios
1232 1119 1378 1179 amittunt

156 1227 209 1286 uiri
226 1227 320 1286 boni:
347 1211 463 1305 quidni,
487 1245 559 1286 cum
577 1225 746 1305 aliquando
763 1233 795 1286 et
811 1223 974 1286 occidant?
998 1225 1029 1285 in
1050 1225 1177 1285 exilium
1194 1225 1375 1286 mittuntur:

155 1332 277 1412 quidni,
316 1353 387 1394 cum
419 1332 588 1412 aliquando
618 1324 675 1413 ipsi
706 1332 841 1412 patriam
879 1351 943 1392 non
981 1332 1142 1413 repetituri
1182 1330 1377 1412 relinquant?

119 1454 141 1494 ιο
155 1439 358 1500 occiduntur:
378 1416 381 1424 ¹
399 1439 522 1518 quidni,
560 1458 632 1499 cum
671 1437 839 1517 aliquando
874 1437 932 1517 ipsi
966 1437 1025 1498 sibi
1064 1457 1175 1499 manus
1214 1436 1377 1500 adferant?

155 1565 252 1623 quare
289 1529 446 1624 quaedam
486 1547 564 1633 dura
601 1545 779 1625 patiuntur?
833 1553 868 1605 ut
904 1543 980 1605 alios
1011 1545 1076 1625 pati
1115 1545 1266 1606 doceant·
1316 1545 1378 1608 nati
1395 1550 1407 1595 3

154 1650 280 1713 suntin
304 1650 475 1732 exemplar.
521 1660 598 1732 puta
621 1652 726 1730 itaque
751 1652 846 1712 deum
875 1651 995 1712 dicere:
1030 1652 1104 1731 quid
1135 1651 1259 1713 habetis
1291 1652 1378 1732 quod

156 1759 197 1819 de
216 1740 271 1820 *me
294 1759 382 1837 queri
405 1758 529 1838 possitis
554 1777 611 1818 uos
634 1757 746 1834 quibus
771 1764 856 1818 recta
875 1755 1077 1838 placuerunt?
1106 1757 1172 1819 aliis
1194 1757 1280 1819 bona
1303 1756 1380 1819 falsa

154 1865 347 1925 circumdedi
377 1873 410 1926 et
440 1866 562 1925 animos
594 1865 700 1925 inanes
732 1862 817 1925 uelut
845 1862 943 1943 longo
967 1861 1129 1943 fallacique
1152 1865 1276 1926 somnio
1301 1864 1375 1925 lusi:

117 1991 232 2034 isauro
255 1970 323 2032 illos
347 1979 380 2031 et
403 1980 535 2050 argento
560 1979 591 2030 et
615 1969 712 2031 ebore
736 1970 902 2043 adornaui‚
926 1971 1008 2030 intus
1031 1968 1106 2030 boni
1130 1969 1204 2031 nihil
1228 1979 1283 2032 est.
1330 1971 1407 2031 istil

155 2098 236 2158 quos
260 2096 320 2158 pro
344 2074 482 2137 felicibus
506 2077 673 2157 adspicitiS,
696 2077 721 2136 si
744 2095 807 2137 non
831 2096 894 2156 qua
914 2086 1092 2151 occurrunt,
1116 2077 1174 2138 sed
1197 2097 1260 2156 qua
1283 2077 1380 2139 latent

156 2185 308 2258 uideritiS,
339 2184 442 2244 miseri
466 2195 553 2257 sunt,
584 2183 719 2257 sordidi,
751 2192 873 2263 turpeS,
903 2183 943 2243 ad
967 2182 1200 2245 similitudinem
1223 2184 1379 2264 parietum

156 2311 285 2352 suorum
310 2290 503 2351 extrinsecus
527 2289 608 2350 culti.
654 2309 718 2349 non
750 2297 799 2350 est
828 2289 887 2351 ista
910 2288 1010 2352 solida
1034 2299 1066 2351 et
1088 2291 1208 2352 sincera
1231 2289 1376 2352 felicitas:

157 2406 262 2459 crusta
292 2405 340 2457 est
371 2404 403 2456 et
433 2397 562 2476 quidem
597 2396 704 2456 tenuis
751 2396 855 2475 itaque
886 2396 963 2457 dum
994 2395 1050 2456 illis
1083 2395 1154 2458 licet
1177 2406 1262 2458 stare
1286 2398 1380 2459 etad

117 2534 143 2572 -20
158 2504 318 2565 arbitrium
351 2523 441 2563 suum
474 2502 613 2576 ostendi,
645 2502 744 2564 nitent
775 2511 807 2564 et
835 2504 1005 2582 inponunt,
1040 2523 1112 2564 cum
1133 2503 1252 2583 aliquid
1277 2504 1382 2565 incidit

122 2646 125 2651 -
156 2610 245 2690 quod
269 2610 424 2670 disturbet
447 2628 485 2669 ac
508 2610 653 2688 detegat,
685 2617 760 2670 tunc
791 2617 923 2690 apparet
946 2618 1098 2689 quantum
1122 2610 1205 2670 altae
1228 2630 1266 2671 ac
1290 2631 1382 2672 uerae

156 2717 313 2779 foeditatis
351 2715 467 2777 alienus
498 2715 647 2796 splendor
683 2715 891 2777 absconderit.
945 2716 1036 2777 uobis
1067 2717 1139 2776 dedi
1170 2716 1256 2777 bona
1289 2726 1381 2791 certa,

157 2843 319 2896 mansura,
335 2800 469 2903 *quanto
500 2823 600 2902 magis
632 2823 803 2885 uersauerit
833 2822 941 2902 aliquis
972 2830 1004 2883 et
1029 2824 1173 2902 ‚undique
1203 2825 1383 2904 inspexerit,

157 2929 288 2991 meliora
319 2930 509 3008 maioraque.
555 2930 682 3010 permisi
713 2929 804 2990 uobis
840 2929 1013 3018 metuenda
1044 2940 1265 3019 contemnere,
1300 2932 1381 3011 cupi-

117 3064 143 3104 25
158 3037 272 3097 ditates
302 3035 448 3097 fastidire.
495 3055 559 3097 non
590 3034 715 3115 fulgetis
739 3036 949 3110 extrinsecuS,
980 3035 1066 3097 bona
1097 3046 1201 3097 uestra
1232 3037 1384 3098 introrsus

158 3142 294 3204 obuersa
325 3151 405 3204 sunt.
451 3142 494 3202 sic
525 3139 661 3203 mundus
694 3142 852 3203 exteriora
889 3143 1080 3222 contempsit
1117 3141 1299 3222 spectaculo
1338 3144 1384 3205 sui

157 3248 267 3309 laetus.
312 3248 393 3309 intus
424 3267 520 3340 omne
551 3249 641 3328 posui
674 3248 803 3309 bonum.
858 3268 922 3309 non
954 3268 1048 3328 egere
1079 3247 1225 3309 felicitate
1255 3247 1384 3311 felicitas

159 3362 263 3414 uestra
293 3362 349 3414 est.
411 3362 443 3414 at
475 3354 573 3415 multa
603 3336 741 3416 incidunt
780 3355 893 3429 tristia,
925 3354 1097 3429 horrenda,
1129 3356 1208 3415 dura
1239 3355 1383 3418 toleratu.

158 3461 230 3540 quia
253 3479 316 3520 non
339 3469 491 3539 poteram*
515 3481 573 3521 uos
603 3461 668 3522 istis
699 3461 890 3535 subducere,
927 3461 1049 3522 animos
1080 3470 1202 3523 uestros
1233 3463 1384 3523 aduersus

119 3597 144 3635 30
159 3567 265 3627 omnia
295 3567 422 3628 armaui.
467 3565 543 3627 ferte
575 3565 703 3627 fortiter.
736 3566 821 3634 ¹hoc
858 3578 906 3628 est
944 3587 1008 3647 quo
1045 3567 1140 3629 deum
1170 3569 1380 3631 antecedatis:

161 3867 265 3919 2ceczi.
338 3826 429 3916 ufdicar
448 3867 474 3932 (n
488 3884 521 3920 m.
536 3866 602 3931 rec.)
681 3868 800 3932 ununqd
873 3867 888 3916 u
912 3865 1019 3936 siquum
1038 3866 1228 3938 iuterroqundr'
1239 3878 1306 3937 post
1325 3888 1383 3936 ergo

161 4008 270 4062 sustulit
286 4006 440 4062 Gronovius
487 3962 636 4072 llrirepetfuri
694 4007 726 4059 to
739 4010 841 4058 afferant
891 4009 923 4059 tn·
936 4010 1063 4073 adspicitis
1076 4015 1102 4063 et
1119 4010 1149 4062 'li
1164 4011 1381 4082 uideritisNeap.:

159 4100 266 4164 adspicis
285 4106 311 4151 et
330 4099 420 4147 uideris
489 4097 520 4148 tu
540 4098 632 4162 sedqua
696 4096 729 4149 20
748 4099 875 4162 imponunt
948 4099 980 4150 21
1001 4101 1100 4163 detegat
1119 4099 1154 4165 (at
1167 4099 1194 4151 tu
1210 4100 1267 4167 fine
1285 4117 1385 4155 uersus

158 4203 192 4244 m.
210 4185 256 4239 au.
277 4184 396 4251 addidit)
469 4185 503 4237 22
523 4187 629 4250 feditatis
704 4187 737 4238 25
762 4179 877 4255 fulgentis
948 4188 981 4240 2?
1000 4190 1071 4253 posui
1084 4187 1208 4257 Lipsius:
1229 4193 1311 4255 posuit

159 4329 274 4378 felicitate
294 4328 372 4396 (post
390 4328 483 4393 erus.)
545 4330 579 4380 28
597 4282 707 4378 admulta
769 4311 868 4406 tristitia
934 4327 1056 4396 toleraiitu
1070 4330 1383 4400 (posturanjortasse

155 4432 212 4502 fuit
231 4435 252 4500 r)
331 4436 364 4485 29
384 4416 435 4484 istis
507 4435 540 4488 :tu
560 4436 726 4500 antecedatis
