3060 5078
157 337 199 396 50
535 329 614 371 DIAL.
630 330 670 372 111.
699 329 739 369 DE
754 330 806 369 IRA
820 329 875 371 LIB.
891 328 909 371 I.
926 330 997 371 1617.

157 476 255 537 noxio
285 474 450 557 imperabo
479 475 617 555 praecidi
640 484 673 537 et
696 494 768 536 cum
791 474 961 556 parricidas
983 473 1105 535 insuam
1130 472 1231 536 culleo
1252 481 1381 539 etcum

157 583 281 644 mittam
304 583 335 642 in
357 581 543 663 supplicium
566 581 697 643 militare
713 590 832 643 etcum
848 581 985 662 Tarpeio
1000 581 1198 662 proditorem
1213 579 1382 645 hostemue

155 689 315 772 publicum
338 689 497 771 inponam,
520 689 586 750 sine
609 689 654 750 ira
677 708 717 749 eo
740 688 828 749 uoltu
851 689 1021 768 animoque
1044 707 1108 762 ero,
1131 707 1195 768 quo
1217 694 1383 767 serpentes

156 806 189 859 et
211 795 356 858 animalia
378 804 535 857 uenenata
556 795 707 876 percutio
753 795 912 856 iracundia
939 815 1020 876 opus
1043 803 1091 856 est
1114 793 1156 855 ad
1178 793 1407 876 puniendum.-

129 903 250 985 aquid?
289 902 346 965 tibi
375 901 430 964 lex
461 903 585 964 uidetur
606 902 696 964 irasci
718 903 769 976 iis,
792 921 873 982 quos
896 920 960 963 non
983 902 1081 976 nouit,
1104 920 1185 980 quos
1207 921 1274 962 non
1297 900 1383 974 uidit,

155 1030 237 1092 quos
260 1030 325 1071 non
348 1007 470 1071 futuros
492 1012 618 1091 sperat?
651 1007 728 1070 illius
751 1009 857 1089 itaque
880 1008 1052 1070 sumendus
1075 1016 1124 1069 est
1147 1007 1280 1083 animus
1301 1027 1383 1088 quae

157 1135 222 1178 non
244 1116 396 1191 irascitur,
427 1117 485 1177 sed
510 1116 677 1178 constituit.
723 1135 797 1177 nam
820 1115 846 1177 si
869 1115 956 1177 bono
980 1115 1047 1176 uiro
1071 1114 1115 1176 ob
1138 1113 1222 1175 mala
1245 1112 1383 1177 facinora

156 1223 245 1283 irasci
275 1221 435 1296 conuenit,
466 1231 498 1284 et
514 1222 572 1282 ob
602 1222 756 1283 secundas
787 1241 837 1282 res
868 1219 1024 1284 malorum
1055 1219 1219 1282 hominum
1242 1221 1383 1283 inuidere

158 1328 352 1409 conueniet.¹
377 1329 454 1408 quid
476 1329 559 1390 enim
583 1336 632 1390 est
653 1328 809 1407 indignius
832 1347 928 1408 quam
952 1327 1067 1389 florere
1089 1327 1247 1407 quosdam
1271 1335 1304 1390 et
1328 1347 1385 1390 eos

118 1443 143 1483 ¹⁰
157 1414 351 1514 indulgentia
381 1434 525 1496 fortunae
548 1434 647 1509 abuti,
678 1434 790 1514 quibus
813 1433 897 1496 nulla
919 1442 1027 1517 potest
1050 1435 1124 1495 satis
1147 1432 1231 1494 mala
1254 1434 1383 1496 inueniri

156 1542 301 1603 fortuna?
347 1541 405 1603 sed
440 1549 507 1602 tam
536 1540 710 1602 commoda
739 1539 862 1602 illorum
893 1540 960 1602 sine
990 1539 1105 1602 inuidia
1134 1539 1256 1602 uidebit
1286 1560 1382 1622 quam

156 1646 274 1710 scelera
296 1648 362 1710 sine
388 1649 441 1711 ira.
479 1649 582 1710 bonus
604 1648 702 1708 iudex
725 1647 856 1709 damnat
878 1646 1086 1728 inprobanda,
1108 1666 1172 1707 non
1193 1646 1270 1709 odit.
1309 1642 1408 1728 quid?

157 1758 256 1835 ergo?
301 1776 379 1831 non,
418 1775 491 1817 cum
521 1755 676 1816 eiusmodi
705 1752 821 1834 aliquid
851 1754 976 1836 sapiens
1006 1750 1137 1814 habebit
1167 1753 1198 1814 in
1229 1752 1381 1828 manibus,

156 1870 304 1941 tangetur
333 1863 455 1924 animus
485 1862 550 1923 eius
580 1862 701 1941 eritque
731 1859 826 1922 solito
857 1859 1070 1921 commotior?
1109 1858 1236 1923 fateor..
1270 1861 1381 1922 sentiet

119 1983 143 2022 rs
157 1966 260 2028 leuem
291 1969 451 2049 quendam
482 1976 673 2049 tenuemque
703 1975 837 2029 motum.
891 1986 979 2040 nam,
1017 1974 1052 2027 ut
1084 1965 1159 2027 dicit
1189 1965 1315 2040 Zenon,
1350 1965 1380 2026 in

156 2073 310 2153 sapientis
332 2094 451 2156 quoque
472 2075 597 2150 animo,
620 2073 718 2135 etiam
748 2093 819 2134 cum
843 2073 955 2134 uolnus
977 2080 1129 2133 sanatum
1152 2079 1215 2147 est,
1248 2056 1382 2133 cz'catrissr

157 2189 272 2256 manet.
317 2181 431 2243 sentiet
453 2181 558 2261 itaque
581 2181 774 2262 suspiciones
797 2180 953 2260 quasdam
977 2188 1009 2240 et
1032 2177 1160 2245 umbras
1176 2175 1378 2240 adfectuum:

156 2286 231 2367 ipsis
252 2286 382 2368 quidem
405 2286 532 2349 carebit.
650 2284 653 2288 “

246 2392 348 2456 XVII.
387 2392 578 2455 Aristoteles
608 2394 651 2456 ait
674 2391 832 2472 adfictus*
849 2389 1018 2473 quosdam,
1050 2390 1083 2452 si
1110 2389 1181 2472 quir
1211 2389 1280 2451 illis
1308 2390 1411 2452 benet

118 2515 144 2556 ro
158 2505 280 2574 utatur,
304 2507 368 2577 pro
399 2499 499 2560 armis
527 2519 603 2563 esse.
655 2500 744 2581 quod
773 2518 883 2560 uerum
914 2496 1008 2573 soret,
1038 2498 1064 2560 si
1094 2496 1179 2559 uelut
1202 2495 1316 2569 bellica
1337 2498 1381 2558 in-

157 2612 332 2666 strumenta
361 2607 442 2667 sumi
474 2606 653 2687 deponique
676 2613 808 2687 possent
829 2605 986 2667 induentis
1009 2602 1147 2667 arbitrio,
1193 2602 1273 2665 haec
1296 2624 1384 2666 arma

157 2733 238 2794 quae
260 2710 452 2774 Aristoteles
482 2713 587 2774 uirtuti
610 2713 680 2788 dat,
710 2713 778 2794 ipsa
800 2732 857 2793 per
879 2731 914 2773 se
936 2718 1091 2793 pugnant,
1122 2729 1187 2770 non
1211 2719 1384 2792 expectant

158 2838 295 2892 manum,
319 2826 351 2879 et
373 2816 501 2893 habent,
524 2839 589 2880 non
612 2817 777 2881 habentur.
823 2816 865 2879 nil
887 2816 953 2879 aliis
975 2817 1189 2879 instrumentis
1212 2835 1294 2898 opus
1316 2824 1380 2878 est:
1401 2821 1415 2874 2

157 2925 233 2987 satis
255 2945 314 2986 nos
337 2925 482 2986 instmxit
505 2926 626 2987 ratione
648 2934 768 2987 natura.
815 2924 877 2987 hoc
901 2924 990 2985 dedit
1011 2923 1122 2998 telum,
1154 2922 1288 2997 firmum,
1312 2943 1383 3004 per-

117 3055 143 3095 ra
157 3040 302 3113 petuum,
340 3030 531 3112 obsequens,
562 3051 622 3092 nec
653 3051 769 3113 anceps
799 3050 859 3092 nec
889 3031 977 3110 quod
1008 3030 1054 3091 in·
1070 3030 1235 3092 dominum
1264 3029 1385 3090 remitti

156 3145 275 3220 posset.
319 3158 384 3199 non
414 3139 456 3199 ad
486 3138 719 3220 prouidendum
741 3144 878 3212 tantum,
909 3137 966 3198 sed
990 3137 1031 3197 ad
1054 3156 1105 3197 res
1127 3135 1284 3215 gerendas
1308 3137 1385 3198 satis

158 3251 206 3304 est
235 3263 293 3324 per
322 3263 357 3304 se
387 3244 454 3325 ipsa
484 3244 573 3307 ratio.
619 3246 736 3306 etenim
766 3243 843 3326 quid
874 3250 922 3304 est
954 3240 1077 3304 stultius
1108 3259 1204 3322 quam
1234 3240 1320 3303 hanc
1342 3241 1384 3303 ab

157 3349 315 3411 iracundia
327 3357 436 3430 petere
448 3350 648 3430 praesidium,
662 3370 730 3412 rem
743 3348 888 3412 stabilem
899 3347 940 3415 ab
949 3349 1075 3423 incerta,
1091 3346 1218 3409 fidelem
1226 3346 1269 3408 ab
1272 3346 1385 3434 infida,

157 3475 267 3519 sanam
290 3455 332 3517 ab
355 3459 470 3535 aegra?
517 3457 600 3536 quid,
623 3457 712 3537 quod
735 3456 776 3517 ad
800 3456 940 3516 actiones
963 3474 1099 3535 quoque,
1122 3455 1153 3515 in
1172 3452 1287 3534 quibus
1308 3453 1419 3515 solis3

119 3586 145 3627 30
161 3582 257 3644 opera
280 3562 457 3623 iracundiae
480 3564 604 3624 uidetur
626 3562 808 3636 necessaria,
833 3560 933 3623 multo
956 3581 1013 3642 per
1035 3580 1070 3621 se
1093 3561 1172 3621 ratio
1188 3558 1301 3621 fortior
1318 3564 1385 3622 est?

158 3688 232 3730 nam
255 3686 327 3729 cum
350 3669 497 3730 iudicauit
519 3668 635 3750 aliquid
658 3667 845 3742 faciendum,
868 3669 899 3729 in
922 3688 962 3728 eo
977 3674 1166 3748 perseuerat.
1205 3664 1281 3726 nihil
1300 3666 1386 3728 enim

158 3773 269 3836 melius
291 3774 455 3836 inuentura
478 3783 527 3836 est
549 3795 583 3836 se
606 3775 687 3855 ipsa,
719 3795 783 3854 quo
807 3755 954 3835 mutetur.
998 3773 1072 3835 ideo
1096 3781 1159 3835 stat
1181 3770 1282 3833 semel
1307 3793 1385 3834 con-

158 3880 288 3942 stitutis:
321 3882 400 3943 iram
423 3901 519 3962 saepe
542 3881 755 3942 misericordia
778 3889 863 3941 retro
887 3881 959 3959 egit.
1006 3878 1104 3940 habet
1124 3879 1207 3940 enim
1227 3898 1294 3940 non
1310 3879 1421 3941 soli-4

158 3987 234 4047 dum
265 3986 371 4061 robur,
394 3987 451 4048 sed
475 4007 591 4047 uanum
615 3995 774 4047 tumorem
792 3985 999 4066 uiolentisque
1015 3985 1171 4067 principiis
1187 3984 1293 4058 utitur,
1318 4007 1387 4048 non

158 4252 258 4304 3uultu
327 4251 359 4303 16
377 4247 440 4300 uuln'
511 4250 544 4302 1?
564 4251 671 4302 affecturi
741 4250 772 4303 19
792 4245 868 4300 affect'
934 4248 968 4300 22
987 4242 1180 4315 qu9²rist0teles
1199 4233 1225 4311 (a
1243 4262 1388 4317 supersor.

158 4355 191 4391 m.
208 4355 253 4409 pr.
274 4349 303 4392 ut
320 4338 387 4404 uid.)
471 4338 506 4391 24
525 4341 620 4388 ratione
639 4337 801 4392 deteriores:
827 4340 914 4388 rationi
998 4335 1032 4389 29
1052 4339 1179 4402 absegra
1262 4339 1387 4402 quidquid

158 4429 191 4476 ad
210 4430 318 4478 actiones
337 4426 377 4480 B:
398 4429 602 4492 quidqdactiones
