3046 5092
287 345 366 388 DlAL.
381 346 411 390 X.
440 344 482 386 Ab
498 342 652 384 PAVLINVM
667 344 708 383 DE
723 343 893 385 BREVITATE
907 345 1003 389 VITAE.
1032 348 1053 389 l.
1216 352 1278 414 225

56 492 243 576 praeferant.
289 491 415 574 cupiunt
447 490 571 552 interim
602 511 644 551 ex
674 489 727 550 illo
757 489 883 572 fastigio
915 512 988 568 suo,
1020 493 1045 553 si
1077 500 1148 554 tuto
1178 492 1279 568 liceat,

57 601 258 662 descendere.
304 618 378 661 nam
402 607 436 660 ut
466 595 540 658 nihil
571 605 663 658 extra
693 596 827 660 lacessat
858 608 912 659 aut
935 599 1071 679 quatiat,
1101 601 1132 661 in
1156 620 1189 661 se
1213 601 1280 681 ipsa

29 705 182 772 tlortuna
195 707 273 767 ruit.
313 707 405 767 diuus
422 703 595 784 Augustus
619 704 667 765 cui
690 704 722 765 di
745 703 833 785 plura
856 725 951 785 quam
967 704 1027 766 'ulli
1050 707 1279 786 praestiterant,

56 835 118 875 non
151 813 243 876 desiit
274 815 411 894 quietem
436 811 494 873 sibi
517 811 637 893 precari
660 820 692 872 et
716 814 913 873 uacationem
938 832 957 872 a
980 812 1139 893 republica
1161 823 1278 894 petere.

56 920 158 982 omnis
183 920 248 982 eius
271 938 377 981 sermo
401 919 443 979 ad
466 917 528 979 hoc
551 936 677 998 semper
701 917 861 980 reuolutus
885 904 941 992 est,
965 928 999 980 ut
1014 930 1155 999 speraret
1171 920 1306 981 otiums

55 1026 117 1089 hoc
147 1025 275 1089 labores
305 1045 396 1099 su03,
429 1025 551 1086 etiamsi
582 1023 677 1100 salso,
711 1024 793 1086 dulci
816 1033 924 1087 tamen
948 1025 1132 1087 oblectabat
1154 1026 1280 1101 solaci0,

29 1132 226 1215 3aliquando
249 1153 284 1194 se
306 1132 461 1194 uicturum
485 1131 543 1192 sibi
584 1132 614 1192 in
637 1133 774 1211 quadam
800 1133 842 1193 ad
865 1141 1009 1195 senatum
1026 1134 1121 1194 missa
1141 1133 1280 1215 epistula,

55 1262 125 1303 cum
150 1243 293 1321 requiem
315 1259 406 1301 suam
429 1259 494 1300 non
518 1259 649 1300 uacuam
673 1238 741 1301 fore
765 1240 925 1320 dignitatis
948 1260 1007 1301 nec
1022 1260 1040 1301 a
1056 1242 1160 1322 priore
1180 1240 1281 1320 gloria

56 1349 290 1428 discrepantem
321 1346 476 1428 pollicitus
507 1353 606 1421 esset,
637 1345 716 1408 haec
747 1347 844 1408 uerba
874 1349 995 1408 inueni:
1029 1347 1089 1407 sed
1116 1347 1179 1407 r'sta
1202 1347 1284 1428 fieri

55 1455 227 1540 speciosius
265 1473 362 1533 quam
394 1453 546 1532 promitti
574 1461 718 1531 possunt.
770 1473 819 1513 me
849 1461 955 1514 tamen
988 1453 1100 1532 cupido
1131 1453 1282 1534 temporis
1298 1472 1321 1512 10

55 1561 251 1642 optatissimi
280 1560 363 1622 milei
392 1561 558 1640 provexit,
599 1554 636 1620 ut
663 1560 813 1639 quoniam
845 1580 952 1621 rerum
983 1560 1106 1622 laetitio
1137 1570 1285 1622 moratur

55 1667 178 1745 adhuc,
212 1667 434 1748 praeciperem
472 1666 602 1746 aliquid
634 1666 807 1751 reoluptatis
837 1687 879 1727 er
908 1667 1075 1728 uerborum
1106 1667 1279 1730 dulcedine.

26 1785 144 1839 ltanta
176 1776 242 1836 uisa
275 1782 322 1835 est
345 1794 395 1836 res
419 1776 537 1848 otium,
568 1783 603 1835 ut
626 1773 727 1848 illam,
759 1776 832 1855 quia
855 1795 911 1834 usu
935 1794 998 1835 non
1022 1782 1163 1854 poterat,
1195 1777 1280 1855 cogi-

56 1885 178 1946 tatione
213 1890 437 1962 praesumeret.
483 1882 536 1961 qui
572 1881 678 1942 omnia
709 1881 840 1942 uidebat
871 1901 912 1941 ex
944 1900 978 1942 se
1009 1901 1072 1942 uno
1103 1883 1282 1963 pendentia,

58 1993 110 2072 qui
133 1989 315 2050 hominibus
339 1986 548 2068 gentibusque
572 1971 730 2048 fortunam
755 1987 862 2061 dabat,
884 1987 971 2049 illum
993 1988 1078 2050 diem
1093 1988 1282 2051 laetissimus
1301 2008 1322 2045 u

59 2096 233 2178 cogitabat,
257 2115 321 2176 quo
346 2094 595 2174 magnitudinem
620 2114 708 2155 suam
734 2104 866 2157 exueret
911 2104 1061 2176 expertus
1086 2104 1160 2170 erat,
1184 2117 1280 2176 quan-

58 2213 124 2265 tum
162 2200 213 2264 illa
248 2201 333 2262 bona
368 2221 425 2281 per
462 2204 564 2262 omnis
595 2209 695 2263 terras
725 2199 876 2281 fulgentia
906 2202 1028 2264 sudoris
1059 2205 1282 2284 exprimerent,

28 2318 210 2392 liquantum
234 2307 428 2370 occultarum
452 2309 694 2392 sollicitudinum
719 2318 880 2389 tegerent:
909 2328 980 2371 cum
1003 2309 1121 2372 ciuibus
1137 2312 1283 2391 primum,

58 2418 172 2479 deinde
204 2436 276 2478 cum
309 2415 453 2497 collegis,
484 2417 655 2476 nouissime
678 2436 750 2477 cum
774 2414 929 2477 adfinibus
953 2426 1082 2479 coactus
1105 2420 1199 2480 armis
1223 2418 1278 2479 de·

59 2544 186 2586 cernere
211 2523 288 2584 mari
311 2532 458 2603 terraque
482 2524 666 2602 sanguinem
690 2521 789 2584 fudit:
816 2544 873 2603 per
889 2523 1120 2598 Macedoniam,
1137 2521 1283 2598 Siciliam,
1298 2542 1324 2581 ιιι

60 2630 267 2712 Aegyptum,
296 2628 421 2709 Syriam
446 2629 621 2710 Asiamque
644 2639 677 2692 et
700 2632 803 2690 omnis
826 2650 928 2711 prope
951 2651 1022 2691 oras
1046 2630 1130 2692 bello
1153 2631 1282 2693 circum-

60 2747 147 2801 actus
171 2737 320 2798 Romana
351 2738 450 2797 caede
482 2735 582 2797 lassos
614 2739 770 2798 exercitus
794 2738 835 2798 ad
859 2746 991 2799 externa
1013 2735 1097 2798 bella
1120 2739 1284 2800 conuertit.
1350 2791 1357 2811 ,

60 2847 134 2906 dum
153 2843 256 2925 Alpes
278 2841 383 2923 placat
406 2845 620 2923 inmixtosque
644 2843 768 2904 mediae
791 2845 860 2923 paci
884 2852 917 2905 et
940 2846 1072 2926 imperio
1088 2842 1197 2905 hostes
1213 2865 1283 2924 per-

59 2953 187 3025 domat,
220 2951 296 3012 dum
326 2949 407 3011 ultra
430 2946 578 3011 Rhenum
603 2954 635 3010 'et
658 2932 843 3030 Euphraten
875 2957 907 3010 et
929 2950 1107 3011 Danuuium
1132 2953 1284 3012 terminos
1378 2977 1386 2984 ·

60 3065 187 3131 mouet,
219 3058 250 3117 in
274 3058 342 3136 ipsa
365 3055 443 3117 urbe
467 3056 634 3130 Murenae,
659 3055 834 3136 Caepionis,
858 3056 979 3137 Lepidi,
1003 3056 1129 3137 Egnati,
1152 3057 1284 3118 aliorum
1299 3075 1324 3114 25

29 3167 90 3227 tin
114 3182 188 3224 eum
213 3182 380 3224 mucrones
404 3161 605 3224 acuebantur.
651 3164 793 3223 nondum
821 3162 936 3224 horum
960 3163 1115 3243 effugerat
1138 3164 1282 3228 insidias:

58 3268 121 3331 filia
152 3277 184 3330 et
213 3277 263 3330 tot
291 3267 414 3330 nobiles
437 3269 564 3330 iuuenes
588 3267 741 3330 adulterio
765 3267 851 3331 uelut
872 3278 1071 3331 sacramento
1095 3271 1199 3333 adacti
1222 3273 1285 3333 iam

58 3376 224 3438 infractam
248 3384 388 3437 aetatem
412 3375 604 3437 territabant.
660 3375 835 3458 Paulusque
859 3377 1027 3439 etiterum
1051 3379 1194 3439 timenda
1213 3399 1285 3440 cum

58 3482 206 3545 Antonio
235 3481 352 3544 mulier.
400 3482 478 3545 haec
502 3482 606 3544 ulcera
629 3503 701 3545 cum
725 3485 798 3565 ipsis
822 3483 972 3546 membris
995 3484 1193 3548 absciderat:
1227 3485 1287 3548 alia

60 3714 74 3765 1
100 3689 231 3778 fastigiosuo
321 3713 337 3766 2
357 3714 381 3762 in
399 3729 425 3763 se
438 3711 602 3767 deteriores:
623 3715 673 3764 inte
756 3714 772 3766 3
792 3716 827 3763 dii
910 3715 952 3763 ulli
966 3712 1130 3768 deteriores:
1151 3716 1210 3765 nulli

59 3806 229 3868 praestiterant
251 3799 348 3867 Gertz:
369 3804 539 3867 praestiterunt
628 3802 726 3855 ldesit
816 3805 881 3856 enh.
896 3808 921 3856 P.
1014 3805 1029 3855 b
1049 3812 1156 3869 speraret
1170 3807 1189 3870 (t
1206 3802 1286 3866 corr„

60 3892 88 3943 in
106 3907 194 3962 morp.
209 3908 242 3945 m.
263 3895 278 3944 2
299 3890 408 3944 addidit
419 3893 481 3945 otiu.
495 3893 544 3942 hoc
563 3893 672 3954 labores)
765 3891 797 3944 12
816 3895 982 3958 praeciperem
996 3889 1135 3946 Muretus:
1156 3894 1259 3957 pciperb
1270 3909 1287 3940 r

131 4015 165 4068 16
178 3996 281 4081 quamh't
354 4014 388 4068 18
401 4021 504 4081 quamtr'r
580 4015 610 4067 19
625 4017 720 4074 alfinib3
795 4015 829 4069 22
843 4018 911 4069 cede.
1003 4016 1036 4070 23
1048 4019 1199 4081 immixtosq;
1215 3989 1288 4083 medp¹

149 4103 184 4158 24
203 4106 262 4154 dum
281 4106 344 4154 ultra
364 4102 528 4158 deteriores:
549 4106 585 4156 <lu
605 4111 630 4154 ut
647 4106 731 4154 ulnas
751 4103 867 4173 (aliquid
884 4120 999 4172 erorum,
1016 4105 1140 4174 fortasse
1158 4102 1249 4158 littero
1267 4124 1287 4172 r,

10 4218 18 4231 =
62 4209 131 4262 quoe
154 4193 230 4247 mitio
254 4194 390 4262 sequentis
412 4208 510 4246 uersus
529 4192 624 4247 addito
643 4198 694 4259 est)
830 4197 942 4246 danubio
961 4197 987 4260 (b
1007 4210 1045 4248 ex
1064 4212 1079 4244 u
1097 4197 1179 4260 corr.)

65 4280 95 4334 25
115 4285 207 4348 Egnati
226 4284 329 4332 aliorum
346 4279 442 4335 Gertz.
464 4284 589 4346 egnatiott
678 4281 712 4335 26
731 4285 881 4332 acuebantur
900 4285 974 4350 (arete
992 4291 1001 4332 t
1018 4299 1110 4353 parua
1128 4285 1197 4347 ras.)

66 4369 98 4424 28
116 4373 251 4436 Paulusque
265 4368 418 4424 Rubenius:
439 4372 520 4436 plusq;
612 4370 646 4424 29
665 4373 711 4435 hec
730 4373 811 4421 ulcera
831 4375 903 4435 (ueste
915 4390 929 4421 u
942 4388 997 4424 rena
1010 4370 1109 4435 littera,
1128 4377 1157 4424 ui
1178 4370 1288 4426 uidetur

68 4475 79 4498 o
106 4457 204 4498 dolainl
802 4464 804 4469 '
