3046 5092
234 348 298 409 254
394 341 475 384 DIAL.
491 341 532 384 XI.
562 342 602 381 AD
618 341 754 382 HELVIAM
769 341 900 381 MA‘I'REM
918 341 956 380 DE
972 329 1215 382 CONSOLATIO'NE.
1244 339 1264 381 l.
1280 341 1301 382 8.

230 486 296 549 suit.
344 486 395 549 ille
425 489 509 550 unde
540 485 718 569 expulerat,
743 487 858 548 eiectus
886 495 942 547 est.
970 488 1031 549 rita
1053 485 1119 547 fato
1143 485 1259 567 placuit
1283 483 1395 546 nullius
1419 484 1461 547 rei

231 595 347 655 eodem
371 614 497 674 semper
519 593 594 655 loco'
614 603 698 655 stare
722 591 888 654 fortunam.

319 701 403 764 VIII.
434 699 601 762 Aduersus
631 700 731 780 ipsam
764 701 1046 761 commutationem
1070 697 1213 761 locorum
1238 699 1388 761 detractis
1412 718 1462 760 ce·
1517 735 1522 770 :

231 808 304 869 teris
328 808 554 881 incommodis,
587 827 667 886 quae
699 806 794 868 exilio
818 805 1007 880 adhaerent,
1036 807 1110 867 satis
1133 805 1196 883 boc
1219 806 1351 867 remedii
1374 815 1464 886 putat

191 932 203 969 a
231 914 343 988 Varro,
367 914 566 976 doctissimus
587 914 816 987 Romanorum,
839 914 932 994 quod,
949 932 1151 993 quocumque
1174 914 1325 988 uenImus,
1349 912 1463 973 eadem

231 1041 334 1082 rerum
359 1029 469 1082 natura
492 1022 644 1082 utendum
668 1029 725 1081 est.
770 1019 814 1082 M.
838 1020 953 1081 Brutus
976 1020 1050 1081 satis
1074 1019 1136 1081 hoc
1158 1027 1256 1100 putat,
1280 1019 1464 1101 quodlicet

232 1127 262 1188 in
290 1126 419 1188 exilium
444 1126 588 1188 euntibus
611 1126 741 1188 uirtutes
772 1147 845 1188 suas
875 1147 983 1188 secum
1016 1124 1102 1187 ferre.
1149 1126 1227 1188 haec
1250 1127 1373 1188 etiamsi
1396 1127 1464 1207 quis
1492 1140 1512 1191 2

231 1233 353 1314 singula
383 1254 494 1314 parurn
525 1234 640 1296 iudicat
671 1232 809 1295 efficacia
839 1233 878 1294 ad
903 1233 1132 1294 consolandum
1156 1232 1299 1308 exulem,
1332 1242 1465 1314 utraque

147 1406 149 1411 ,
232 1356 262 1415 in
293 1360 388 1401 unum
420 1339 543 1402 conlata
573 1339 721 1401 fatebitur
750 1340 918 1423 plurimum
943 1360 1045 1420 posse.
1092 1340 1277 1421 quantulum
1301 1342 1385 1402 enim
1409 1351 1464 1415 est,

195 1463 219 1503 ru
234 1449 322 1527 quod
346 1447 528 1527 perdImus?
560 1449 624 1508 duo
648 1468 730 1528 quae
753 1446 962 1528 pulcherrima
985 1457 1065 1521 sunt,
1089 1467 1290 1527 quocumque
1313 1469 1373 1509 nos
1398 1469 1462 1510 mo-

232 1555 376 1627 uerimus,
399 1564 583 1633 sequentur:
618 1562 730 1615 natura
754 1555 929 1615 communis
953 1562 985 1615 et
1008 1554 1135 1634 proprIa
1158 1555 1262 1615 uirtus.
1302 1555 1335 1616 id
1358 1565 1488 1619 actumt

232 1668 296 1733 est,
329 1657 536 1734 mihicrede,
568 1660 609 1721 ab
633 1658 697 1735 illo,
729 1660 866 1741 quisquis
889 1659 1044 1721 formator
1059 1661 1201 1721 uniuersi
1225 1659 1297 1736 suit,
1326 1663 1393 1725 siue
1416 1663 1462 1726 ille

232 1767 310 1827 deus
334 1775 382 1827 est
405 1774 520 1847 potens
543 1767 694 1841 omnium,
717 1767 782 1828 siue
806 1764 1008 1848 incorporalis
1032 1769 1112 1828 ratio
1134 1767 1308 1847 ingentium
1333 1789 1462 1850 operum

232 1871 355 1946 artifex,
371 1859 445 1934 'siue
469 1862 591 1935 diuinus¹
614 1875 738 1954 spiritus
761 1894 818 1954 per
841 1873 947 1934 omnia
970 1873 1111 1934 maxima
1134 1893 1171 1934 ac
1194 1874 1324 1936 minima
1345 1875 1463 1956 aequali

194 1997 218 2036 u
232 1979 565 2052 intentionedifsusus
589 1981 655 2040 siue
678 1978 777 2040 fatum
802 1989 835 2042 et
857 1978 1046 2041 inmutabilis
1070 1999 1233 2041 causarum
1257 1981 1339 2043 inter
1362 2003 1397 2043 se
1414 2003 1461 2044 co·

232 2086 428 2148 haerentium
452 2086 565 2147 series:
600 2087 640 2160 id,
664 2087 799 2167 inquam,
823 2094 929 2147 actum
954 2095 1009 2160 est,
1034 2095 1068 2147 ut
1091 2087 1121 2146 in
1144 2086 1279 2148 alienum
1303 2087 1464 2150 arbitrium

233 2193 289 2254 nisi
320 2191 466 2254 uilissima
497 2212 640 2272 quaeque
671 2213 736 2254 non
766 2194 923 2254 caderent.
974 2193 1127 2274 quidquid
1159 2194 1316 2275 optimum
1348 2194 1493 2263 hominii

234 2309 291 2374 est,
315 2298 347 2362 id
371 2308 463 2361 extra
485 2297 657 2360 humanam
681 2299 857 2380 potentiam
881 2300 974 2373 iacet,
998 2320 1056 2360 nec
1080 2301 1146 2361 dari
1170 2320 1228 2361 nec
1251 2300 1327 2382 eripi
1352 2299 1465 2383 potest,

235 2406 370 2467 mundus
401 2405 466 2479 hic,
498 2426 562 2485 quo
593 2404 666 2466 nihil
691 2426 792 2486 neque
816 2406 916 2472 maius
940 2417 1042 2488 neque
1067 2407 1205 2468 ornatius
1229 2428 1333 2469 rerum
1357 2418 1466 2470 natura

193 2513 341 2592 ingenuit
364 2521 396 2573 et
419 2513 541 2573 animus
565 2513 799 2594 contemplator
814 2514 1048 2592 admiratorque
1074 2514 1191 2588 mundi,
1215 2533 1287 2595 pars
1311 2515 1377 2575 eius
1402 2535 1465 2577 ma-

193 2643 198 2653 ·
232 2618 495 2698 gnificentissima,
520 2620 646 2700 propria
669 2619 760 2680 nobis
785 2627 816 2680 et
840 2628 993 2701 perpetua
1008 2628 1040 2681 et
1056 2620 1177 2681 tamdiu
1194 2621 1361 2682 nobiscum
1379 2643 1465 2683 man-

232 2745 304 2786 sura
327 2734 407 2800 sunt,
432 2725 582 2805 quamdiu
607 2726 663 2806 ipsi
687 2725 893 2786 manebimus,
933 2725 1051 2787 alacres
1075 2727 1180 2806 itaque
1204 2734 1236 2787 et
1260 2728 1364 2802 erectI,
1390 2745 1498 2809 quo-5

232 2851 367 2912 cumque
390 2852 439 2893 res
463 2831 575 2906 tulerit,
599 2831 754 2913 intrepido
778 2832 879 2912 gradu
902 2851 1117 2914 properemus
1164 2834 1352 2895 emetiamur
1375 2855 1466 2916 quas-

232 2959 367 3019 cumque
390 2947 505 3000 terras:
540 2937 658 3000 nullum
683 2939 811 3000 inueniri
832 2939 958 3001 exilium
975 2941 1056 3001 intra
1071 2940 1225 3000 mundum
1242 2948 1359 3020 potest,
1385 2940 1471 3022 quod

193 3060 218 3100 25
232 3044 367 3106 alienum
399 3045 521 3106 homini
551 3046 598 3126 sit.
652 3047 872 3125 undecumque
904 3066 946 3107 ex
977 3067 1079 3126 aequo
1111 3047 1152 3107 ad
1184 3046 1306 3108 caelum
1339 3048 1468 3129 erigitur

232 3152 321 3225 acies,
346 3152 472 3231 paribus
496 3151 663 3240 interuallis
688 3153 794 3214 omnia
817 3153 922 3214 diuina
944 3151 985 3213 ab
1009 3152 1155 3213 omnibus
1179 3152 1323 3214 humanis
1339 3153 1466 3216 distant.

232 3258 365 3338 proinde
394 3261 471 3320 dum
502 3258 584 3320 oculi
608 3258 669 3320 mei
693 3259 734 3320 ab
758 3257 809 3320 illo
833 3259 1028 3340 spectaculo,
1060 3261 1144 3321 cuius
1170 3259 1361 3322 insatiabiles
1384 3270 1499 3336 sunt,ss

233 3383 296 3424 non
329 3363 540 3439 abducantur,
572 3367 647 3427 dum
679 3364 754 3426 mihi
785 3365 886 3426 solem
918 3365 1086 3446 lunamque
1114 3366 1224 3428 intueri
1246 3366 1354 3442 liceat,
1388 3368 1465 3429 dum

234 3470 345 3531 ceteris
376 3472 538 3533 inhaerere
561 3473 728 3546 sideribus,
761 3473 837 3533 dum
869 3481 957 3534 ortus
988 3492 1097 3533 eorum
1130 3493 1324 3554 occasusque
1356 3483 1390 3536 et
1419 3455 1463 3536 iir-

233 3665 445 3672 ——-——-..

232 3841 250 3893 4
274 3842 347 3892 exilio
370 3841 491 3896 Tarum:
513 3861 541 3892 ex
560 3843 603 3893 illo
694 3843 709 3895 5
733 3819 826 3909 q⁰cs1q3
937 3842 970 3896 10
996 3845 1119 3909 perdimus
1138 3840 1232 3898 Koch:
1255 3825 1363 3908 pdidimss

232 3941 325 4032 q⁰qu3
454 3967 487 4019 14
512 3944 746 4018 maximaacminima
766 3970 845 4034 equali
972 3967 1005 4020 15
1031 3976 1053 4018 et
1074 3970 1232 4018 Immutabilis
1251 3967 1417 4023 deteriores:
1439 3977 1464 4019 et

232 4091 357 4142 mutabilis
489 4091 521 4144 19
546 4092 623 4141 nichil
648 4107 730 4157 neque
834 4095 836 4098 ’
874 4067 981 4141 ornatius
1001 4092 1022 4154 (s
1040 4107 1073 4143 m.
1089 4106 1135 4161 pr.
1155 4096 1184 4144 ut
1203 4090 1323 4158 uidetur)

233 4178 267 4231 20
291 4187 315 4230 et
334 4183 429 4230 animus
450 4178 547 4234 Gertz:
569 4182 664 4230 animus
760 4180 793 4232 23
820 4166 963 4230 emetiamur
982 4182 1072 4246 (iamur
1090 4180 1117 4232 in
1136 4184 1203 4242 ras.)
1301 4180 1335 4234 24
1361 4183 1461 4232 exilium

233 4267 340 4321 Haase:
362 4276 385 4318 et
404 4269 450 4321 illu
539 4276 619 4335 potest
638 4272 703 4334 quod
723 4271 827 4319 allenum
846 4272 941 4318 homini
960 4272 990 4319 sit
1010 4267 1164 4353 [socierum
1182 4267 1303 4322 Erasmo
1322 4277 1349 4323 et
1368 4269 1462 4340 Ltpsio
1485 4288 1495 4299 ·

232 4359 323 4423 (potest
347 4358 453 4408 alienum
478 4360 574 4408 homini
593 4356 688 4412 Haase
713 4365 808 4423 potest;
835 4361 926 4408 nullum
951 4361 1015 4408 enim
1035 4360 1114 4408 solum
1133 4361 1196 4409 intra
1215 4360 1333 4436 mundum
1352 4359 1460 4408 alienum

232 4448 327 4495 homini
347 4453 382 4495 est
403 4444 540 4516 Muduipl:
562 4453 597 4496 est
616 4449 722 4497 alienum
741 4449 836 4497 homini
856 4457 890 4497 est
985 4447 1019 4500 29
1045 4451 1138 4511 inprere
