3046 5092
361 345 440 388 nint.
457 346 494 389 Vl.
523 346 565 385 AD
581 345 723 387 MARCIAM
738 345 778 386 DE
793 345 1037 389 CONSOLATlONE.
1066 347 1098 388 19.
1282 352 1340 412 143

109 466 344 573 absulutosque
368 491 445 553 dum
468 493 590 566 uiuent,
614 511 678 553 non
702 491 829 565 flemus,
861 492 1004 572 quamuis
1028 491 1132 553 omnis
1155 512 1229 553 usus
1251 490 1344 552 nobis

109 597 243 660 illorum
274 619 346 660 cum
377 608 546 679 oonspectu
578 607 704 680 ereptus
735 599 790 660 sit:
829 599 936 679 opinio
968 608 1016 660 est
1047 617 1140 678 erg0,
1172 617 1254 679 quae
1285 619 1343 660 nos

109 704 234 766 cruciat
265 713 296 766 et
326 705 405 767 tanti
434 706 585 787 quodque
616 705 732 767 malum
757 714 821 780 est,
851 706 958 786 quanti
982 704 1056 766 illud
1079 706 1266 766 taxauimus.
1313 705 1343 765 in

110 820 227 875 nostra
261 818 420 892 potestate
451 814 626 873 remedium
656 811 827 873 habemus:
865 812 1039 873 iudicemus
1068 811 1137 873 illos
1168 812 1281 873 abesse
1311 820 1355 890 et¹

110 927 246 980 nosmet
268 919 325 1000 ipsi
347 917 499 980 fallamus.
545 919 718 980 dimisimus
742 916 819 992 illos,
842 919 941 979 immo
965 919 1160 980 consecuturi
1183 918 1369 999 praemisi-a

70 1034 88 1084 2
110 1045 197 1086 mus
245 1032 353 1086 mouet
376 1033 409 1086 et
432 1023 507 1086 illud
531 1023 709 1104 lugentem:
736 1045 801 1085 non
825 1025 882 1086 erit
905 1025 958 1106 qui
982 1044 1034 1086 me
1057 1024 1224 1099 defendat,
1257 1026 1309 1105 qui
1325 1044 1345 1084 a

110 1140 304 1214 contemptu
336 1132 480 1193 uindicet.
527 1140 562 1192 ut
592 1132 721 1193 minime
743 1131 914 1212 probabili,
943 1133 1000 1194 sed
1025 1151 1101 1192 uero
1124 1130 1241 1193 solacio
1265 1140 1343 1205 utar,
1402 1176 1406 1181 -
1454 1114 1456 1119 ³

109 1240 147 1300 in
172 1239 296 1300 ciuitate
319 1248 427 1300 nostra
450 1238 519 1320 plus
543 1239 663 1319 gratiae
686 1237 805 1300 orbitas
826 1238 948 1300 confert
963 1259 1060 1320 quam
1076 1239 1174 1320 eripit,
1198 1239 1343 1319 adeoque

108 1353 313 1407 senectutem
337 1343 491 1412 solitudo,
523 1365 604 1425 quae
626 1344 751 1406 solebat
775 1346 953 1419 destruere,
984 1346 1025 1406 ad
1049 1344 1225 1426 potentiam
1249 1344 1344 1420 ducit,
1377 1429 1379 1433 ¹

111 1462 154 1514 ut
183 1429 312 1532 quidam
344 1453 419 1513 odia
448 1450 580 1514 filiorum
612 1451 758 1513 simulent
782 1460 814 1512 et
837 1451 952 1512 liberos
976 1454 1095 1514 eiurent
1119 1460 1151 1512 et
1174 1451 1343 1513 orbitatem
1360 1466 1383 1505 ¹⁰

69 1568 87 1618 3
109 1579 215 1631 manu
237 1557 358 1619 saciant.
409 1559 474 1620 scio
498 1559 573 1640 quid
597 1560 699 1620 dicas:
734 1579 798 1619 non
823 1568 952 1620 mouent
976 1579 1029 1620 me
1051 1559 1240 1620 detrimenta
1263 1578 1344 1619 mea.

111 1665 236 1727 etenim
273 1684 338 1725 non
368 1673 417 1726 est
447 1665 561 1745 dignus
591 1664 724 1739 solacio,
763 1666 815 1746 qui
846 1664 941 1727 filium
972 1665 1031 1726 sibi
1063 1666 1235 1726 decessisse
1265 1665 1344 1727 sicut

112 1773 307 1854 mancipium
339 1770 473 1833 moleste
503 1770 579 1846 fert,
610 1773 659 1834 cui
688 1773 857 1854 quicquam
887 1773 917 1832 in
948 1771 1011 1834 filio
1042 1773 1196 1852 respicere
1220 1781 1344 1851 praeter

110 1880 221 1961 ipsum
251 1888 350 1940 uacat.
397 1879 472 1960 quid
495 1880 589 1960 igitur
612 1891 659 1952 te,
692 1868 825 1955 Marcia,
855 1883 984 1940 mouet?
1005 1888 1129 1944 ,utrum
1153 1879 1240 1959 quod
1263 1877 1343 1939 filius

110 1994 191 2046 tuus
222 1985 371 2059 decessit,
402 2005 442 2046 an
473 1985 561 2066 quod
585 2005 648 2047 non
673 1987 724 2046 diu
748 1987 846 2047 uixit?
877 1986 904 2046 si
926 1987 1012 2067 quod
1036 1986 1186 2059 decessit,
1217 2005 1344 2066 semper
1361 2000 1383 2038 1⁵

70 2100 88 2152 l
114 2091 254 2154 debuisti
293 2091 408 2152 dolere.
455 2111 582 2172 semper
619 2093 701 2153 enim
740 2093 824 2154 scisti
863 2094 1056 2154 moriturum.
1107 2092 1213 2172 cogita
1255 2090 1344 2152 nullis

112 2197 301 2260 destructum
333 2197 420 2259 malis
452 2197 559 2272 adfici,
591 2197 641 2258 illa
671 2218 752 2278 quae
783 2199 874 2260 nobis
903 2198 1019 2260 inferos
1043 2197 1159 2260 faciunt
1183 2197 1363 2271 terribiles·

113 2303 258 2367 fabulam
282 2323 367 2379 esse,
399 2303 497 2365 nullas
520 2305 671 2366 inminere
696 2306 826 2367 mortuis
850 2306 997 2367 tenebras
1021 2326 1079 2367 nec
1103 2326 1262 2368 carcerem
1286 2326 1345 2366 nec

113 2410 247 2474 flumina
276 2411 348 2491 igne
380 2410 544 2490 flagrantia
575 2431 633 2472 nec
657 2410 859 2473 Obliuionem
892 2432 1018 2473 amnem
1043 2433 1101 2474 nec
1124 2412 1289 2474 tribunalia
1312 2423 1344 2474 et

114 2538 192 2582 reos
215 2526 247 2579 et
269 2517 300 2578 in
322 2509 377 2578 illa
395 2515 540 2579 libertate
563 2525 628 2579 tam
650 2517 727 2585 laxa
758 2517 838 2579 ullos
860 2520 973 2580 iterum
996 2528 1159 2599 tyrannos.
1206 2519 1345 2580 luserunt
1358 2531 1384 2572 20

71 2633 89 2685 5
112 2629 179 2688 ista
201 2633 316 2707 poetae
339 2633 372 2685 et
394 2625 481 2686 uanis
504 2644 562 2686 nos
586 2625 746 2704 agitauere
769 2626 947 2687 terroribus.
995 2647 1080 2687 mors
1104 2626 1250 2688 dolorum
1275 2646 1342 2686 om-

113 2733 204 2795 nium
236 2730 377 2794 exolutio
408 2741 456 2793 est
486 2741 518 2793 et
549 2731 633 2805 finis,
665 2731 745 2793 ultra
772 2753 866 2813 quem
893 2732 975 2795 mala
997 2741 1107 2794 nostra
1128 2752 1193 2793 non
1217 2741 1344 2806 exeunt,

113 2860 199 2922 quae
229 2859 287 2900 nos
318 2838 349 2899 in
379 2837 461 2900 illam
493 2837 763 2919 tranquillitatem,
793 2840 824 2900 in
855 2859 917 2919 qua
947 2848 1116 2920 antequam
1145 2859 1345 2901 nasceremur

113 2947 277 3020 iacuimus,
301 2946 432 3027 reponit.
464 2945 489 3006 si
513 2954 710 3007 mortuorum
734 2945 843 3028 aliquis
866 2947 1037 3020 miseretur,
1062 2954 1093 3007 et
1117 2967 1181 3008 non
1197 2956 1343 3007 natorum

115 3055 310 3117 misereatur.
357 3071 444 3114 mors
475 3072 534 3113 nec
564 3052 685 3114 bonum
717 3072 777 3115 nec
807 3053 925 3115 malum
958 3061 1012 3114 est.
1060 3053 1091 3114 id
1123 3053 1206 3115 enim
1236 3060 1344 3133 potest
1358 3069 1383 3106 ²⁵

113 3169 171 3223 aut
202 3160 322 3223 bonum
346 3166 400 3220 aut
423 3158 540 3221 malum
564 3179 649 3234 esse,
680 3161 767 3241 quod
790 3160 905 3241 aliquid
929 3169 985 3222 est.
1031 3161 1118 3242 quod
1142 3179 1218 3221 uero
1240 3160 1343 3242 ipsum

107 3391 128 3463 ‚l
151 3390 328 3454 abluturosque
347 3385 510 3442 Ρὶησὶαηιιεε
531 3391 655 3455 futurosq;.
737 3393 753 3443 ‘2
773 3384 870 3440 illo'rum
889 3408 944 3441 cum
965 3397 1096 3455 conspectu
1116 3389 1224 3444 Haase:
1246 3392 1343 3443 illorum

115 3486 263 3544 conspectus
352 3495 412 3542 ergo
430 3495 493 3542 quae
512 3476 609 3547 κλαίῃσι
631 3495 738 3543 ergoque
828 3479 920 3530 lillos
939 3478 1037 3548 sculpo:
1059 3480 1126 3528 illum
1218 3481 1342 3545 bpremi·

114 3562 191 3619 simus
278 3566 358 3617 billut
443 3565 709 3636 iprobabiliuulqo:
730 3569 861 3632 probabile
946 3569 961 3617 ll
979 3570 1100 3617 destruere
1114 3567 1210 3637 rcrthot
1227 3571 1344 3620 distruere

213 3654 242 3705 lll
262 3656 353 3703 eiurent
374 3653 522 3707 Gruterus:
543 3664 638 3704 seruent
731 3657 877 3706 7orbilatem
932 3657 997 3709 '13
1018 3664 1097 3721 preter
1184 3657 1214 3709 ll
1234 3667 1343 3708 mouet*

115 3752 224 3794 utrum*
330 3742 362 3795 16
389 3744 531 3792 moriturum
558 3743 708 3797 deteriores
717 3735 727 3793 ε’
749 3746 813 3793 mori
915 3747 1000 3808 cogita
1025 3745 1112 3797 solum
1137 3761 1190 3798 uon
1214 3745 1344 3813 sufficere

114 3831 246 3885 uiderunt
266 3836 334 3901 post
360 3829 505 3884 Gruterum
530 3830 624 3884 Haase
642 3838 668 3884 et
687 3814 785 3898 lieris,
810 3848 925 3901 quorum
950 3832 996 3885 ille
1021 3841 1045 3881 at
1070 3836 1168 3898 cogita,
1193 3832 1236 3886 lic
1261 3837 1343 3900 cogita

115 3929 200 3972 tamen
220 3920 410 3984 coniecerunt,
435 3919 559 3989 equidem
583 3920 674 3974 malim
698 3924 821 3986 cogitabis
846 3923 940 3986 potius,
966 3929 996 3974 ut
1015 3921 1048 3974 de
1069 3923 1113 3975 ira
1133 3926 1160 3985 2,
1184 3927 1227 3982 lu,
1252 3927 1260 3974 l
1284 3925 1343 3972 illud

115 4047 199 4111 potius
219 4045 345 4109 cogitabis
433 4044 462 4095 ll
483 4028 567 4109 adficil
647 4045 679 4096 [lb'
698 4046 808 4094 fabulam
831 4043 999 4098 Gronovius:
1021 4024 1118 4097 fabulas
1190 4049 1341 4096 immineres

116 4145 221 4220 mortuis
308 4166 341 4220 19
362 4169 520 4219 Obliuionem
540 4165 670 4238 Maduiq:
692 4171 816 4220 obliuione
898 4177 920 4221 et
940 4187 994 4220 reos
1012 4176 1035 4219 et
1054 4171 1078 4218 in
1098 4171 1140 4218 illa
1159 4187 1213 4220 reos
1232 4172 1343 4220 libertate

118 4308 190 4378 cod,
209 4308 328 4364 alterum
346 4327 401 4360 reos
420 4308 478 4364 del.⁴
490 4308 595 4379 Lipsius
679 4311 714 4363 ‘20
732 4314 840 4361 tirannos
924 4271 1016 4361 luserunt
1036 4313 1058 4378 (s
1077 4311 1342 4382 m.pr.utu1'detm·)

556 4401 576 4427 m
1279 4406 1281 4411 .

208 4452 241 4508 23
260 4469 308 4522 que
326 4469 371 4505 nos
463 4437 600 4528 nasceretur
