3046 5092
323 315 403 359 DIAL.
414 315 463 370 vll,
491 316 533 357 AD
548 315 725 357 GALLlONEM
741 315 780 355 DE
794 316 866 357 VITA
880 316 987 359 ΒΕΑΤΑ.
1016 317 1052 360 26.
1242 322 1301 384 181

85 485 119 526 ex
140 462 314 544 longinquo
338 471 514 538 struuntur,
541 461 745 543 intellegunt:
779 461 864 524 idem
888 461 978 524 uobis
1002 465 1114 526 euenit.
1161 465 1307 527 marcetis

83 572 108 633 in
137 570 249 632 uestris
280 567 373 630 rebus
397 589 456 632 nec
479 570 640 649 cogitatis,
672 578 752 650 quot
776 588 866 630 casus
889 569 1027 650 undique
1050 569 1220 633 inmineant
1243 573 1306 634 iam

10 695 40 749 ι
82 679 200 757 iamque
231 676 370 756 pretiosa
399 675 500 757 spolia
523 675 621 739 laturi.
667 676 800 758 sapienti
823 675 962 756 quisquis
986 665 1150 739 abstulerit
1174 676 1305 753 diuitias,

81 784 182 845 omnia
215 761 275 845 illi
293 802 350 843 sua
386 780 544 863 relinquet.
590 782 666 844 uiuit
696 783 779 844 enirn
810 782 1029 863 praesentibus
1060 782 1176 858 laetus,
1213 784 1306 847 futuri

81 909 209 952 securus.
248 886 322 950 nihil
346 890 456 969 magis
479 889 578 968 inquit
600 887 650 950 ille
666 887 815 951 Socrates
839 897 893 950 aut
916 887 1024 968 aliquis
1047 886 1132 964 alius,
1156 892 1204 951 cui
1219 891 1331 953 idemr

80 996 125 1056 ias
155 996 308 1058 aduersus
338 995 476 1058 humana
506 1004 601 1076 atque
631 996 745 1057 eadem
776 1003 919 1076 potestas
951 1004 1014 1069 est,
1052 996 1190 1076 persuasi
1222 996 1306 1074 mihi,

80 1123 170 1185 quam
194 1122 235 1163 ne
259 1102 301 1173 ad
324 1102 486 1183 opiniones
509 1110 630 1164 uestras
654 1110 759 1164 actum
784 1105 867 1164 uitae
880 1122 981 1182 *meae
1005 1101 1174 1165 flecterem.
1214 1104 1306 1166 solita

80 1208 216 1273 conferte
248 1209 386 1289 undique
415 1207 529 1271 uerba:
564 1228 628 1270 non
659 1208 823 1270 conuiciari
854 1227 912 1269 uos
942 1207 1080 1289 putab0,
1109 1210 1166 1272 sed
1198 1212 1306 1292 uagire
1396 1194 1400 1202 ⁵

79 1315 160 1380 uelut
191 1314 325 1377 infantes
348 1316 547 1377 miserrimos.
602 1315 681 1378 haec
712 1316 795 1378 dicet
818 1315 883 1390 ille,
916 1316 964 1377 cui
986 1317 1140 1397 sapientia
1163 1318 1305 1398 contigit,

70 1424 169 1505 'quem
192 1424 314 1486 animus
337 1423 482 1485 uitiorum
505 1423 639 1484 inmunis
663 1423 823 1504 increpare
846 1421 932 1497 alios,
956 1443 1020 1484 non
1043 1422 1116 1504 quia
1138 1425 1223 1498 odit,
1247 1424 1304 1486 sed
1321 1444 1345 1483 ιο

78 1531 103 1590 in
133 1531 310 1595 remedium
340 1529 435 1591 iubet.
481 1529 595 1591 adiciet
612 1510 673 1591 'his
703 1527 772 1590 illa:
809 1529 1002 1591 existimatio
1037 1510 1219 1592 meuestra
1241 1551 1306 1592 non

78 1657 146 1699 meo
186 1637 315 1698 nomine
353 1635 409 1698 sed
446 1644 551 1698 uestro
589 1644 714 1710 mouet,
752 1635 825 1716 quia
854 1635 1104 1699 incolumitatem
1137 1637 1242 1699 odisse
1274 1647 1306 1700 et

22 1872 31 1879 ·
77 1850 180 1914 facitis
228 1858 261 1911 et
292 1870 331 1912 ne
363 1851 410 1912 dis
433 1850 560 1931 quidem
584 1849 616 1912 hi
639 1850 691 1930 qui
715 1868 784 1912 aras
808 1859 961 1913 euertunt.
1007 1850 1065 1911 sed
1088 1849 1206 1912 malum
1231 1871 1303 1931 pro-

77 1959 213 2038 positum
245 1967 377 2037 apparet
409 1954 590 2037 malumque
621 1955 783 2018 consilium
815 1957 911 2019 etiam
936 1956 994 2030 ibi,
1027 1956 1079 2018 ubi
1102 1977 1217 2019 nocere
1238 1974 1304 2019 non
1321 1977 1345 2016 15
1391 1978 1410 2017 ,r

10 2074 59 2128 G
77 2067 185 2147 potuit.
233 2063 277 2125 sic
315 2072 435 2125 uestras
473 2062 731 2125 hallucinationes
762 2062 829 2124 lero
862 2064 1134 2143 quemadmodum
1166 2064 1306 2147 luppiter

77 2172 213 2253 optimus
237 2172 395 2233 maximus
417 2171 550 2251 ineptias
572 2180 748 2251 poetarum,
772 2191 906 2250 quorum
931 2170 1008 2232 alius
1024 2170 1063 2232 illi
1074 2153 1150 2232 alas·
1161 2172 1305 2253 inposuit,

77 2277 149 2340 alius
173 2298 308 2351 cornua,
340 2276 417 2339 alius
442 2271 618 2339 adulterum
642 2276 727 2339 illum
750 2277 874 2338 induxit
898 2287 931 2339 et
954 2277 1197 2353 abnoctantem,
1228 2278 1306 2340 alius

76 2406 204 2447 saeuum
227 2385 259 2445 in
283 2384 370 2458 deos,
394 2383 470 2445 alius
495 2385 634 2464 iniquum
658 2384 688 2444 in
704 2383 858 2458 homines,
882 2384 958 2446 alius
975 2393 1137 2467 raptorum
1153 2385 1304 2466 ingenuo-

77 2512 144 2553 rum
168 2497 389 2572 corruptorem
412 2498 444 2552 et
468 2498 677 2570 cognatorum
701 2489 836 2570 quidem,
860 2489 937 2553 alius
960 2491 1146 2572 parricidam
1169 2499 1200 2553 et
1217 2491 1305 2572 regni
1319 2510 1345 2549 aa

77 2598 164 2660 alieni
187 2597 371 2679 paternique
395 2606 657 2678 expugnatorem.
697 2597 810 2676 quibus
825 2595 898 2658 nihil
914 2596 997 2663 aliud
1014 2606 1119 2659 actum
1136 2606 1305 2678 estonam

78 2714 109 2768 ut
132 2703 237 2788 pudor
259 2702 438 2765 hominibus
461 2704 614 2785 peccandi
637 2705 825 2777 demeretur,
849 2706 874 2764 si
897 2703 976 2766 tales
994 2705 1072 2765 deos
1088 2705 1304 2768 credidissent.

47 2812 132 2880 7sed
163 2830 356 2891 quamquam
387 2813 446 2873 ista
477 2831 529 2871 me
559 2809 633 2872 nihil
665 2809 808 2884 laedant,
840 2819 947 2872 uestra
972 2819 1081 2872 tamen
1105 2831 1163 2873 uos
1187 2831 1304 2873 moneo
1363 2873 1375 2895 ‚

78 2939 188 2980 causa:
215 2917 362 2998 suspicite
385 2917 542 2980 uirtutem.
590 2918 708 2980 credite
729 2918 772 2991 iia,
795 2918 849 2998 qui
868 2916 953 2979 illam
970 2919 1021 2980 diu
1038 2905 1136 2980 secuti
1152 2938 1303 2998 magnum

78 3025 228 3104 quiddam
253 3024 338 3106 ipsos
362 3033 394 3086 et
416 3024 503 3105 quod
526 3024 556 3085 in
580 3024 647 3086 dies
670 3025 769 3086 maius
795 3035 958 3105 appareat,
983 3025 1070 3104 sequi
1093 3024 1246 3099 clamant,
1271 3033 1304 3087 et
1317 3043 1344 3084 25

80 3185 289 3193 ——⁴-“

166 3290 180 3342 1
207 3290 350 3355 intellegunt
369 3286 467 3358 uulqo:
488 3289 630 3353 intellegant
727 3289 743 3341 2
769 3290 911 3339 immineant
1007 3290 1111 3354 iuiamq3
1133 3289 1170 3356 (ia
1188 3287 1216 3341 ia
1235 3289 1304 3355 raS.)

129 3447 133 3455 '
164 3431 180 3485 3
206 3432 287 3498 spolia
305 3432 384 3483 laturi.
409 3432 513 3495 sapienti
532 3428 560 3483 Ε
565 3431 591 3480 ²:
612 3377 732 3495 spoliallui
752 3432 856 3495 sapienti
876 3430 893 3495 (i
913 3435 1039 3483 extrema
1058 3429 1085 3483 ia
1104 3447 1170 3489 ras..
1186 3413 1254 3500 'sort
1274 3431 1304 3498 is)

163 3520 181 3574 4
201 3510 274 3571 futuri
293 3518 352 3573 E':
373 3506 457 3569 suturis
566 3519 582 3571 5
601 3520 667 3570 idem
687 3522 722 3569 ius
743 3518 844 3588 Neap:
866 3521 933 3569 idem
1042 3518 1057 3571 9
1083 3521 1204 3584 sapientia
1224 3518 1303 3573 deth:

79 3613 181 3677 sapienti
279 3609 313 3663 10
338 3610 452 3658 immunis
545 3609 576 3661 12
601 3609 793 3658 incolumitatem
820 3605 912 3663 Koch:
940 3608 1072 3658 clamitatis
1097 3607 1157 3665 cod.
1182 3611 1306 3660 claritates

82 3696 199 3768 Georpes
222 3713 275 3768 per
299 3696 404 3751 litteras
429 3698 558 3747 calamitas
584 3704 619 3754 est
637 3699 758 3762 sapientes
778 3693 893 3766 Madaa'q
913 3697 1060 3746 calamitatis
1079 3703 1114 3746 est
1135 3695 1217 3750 Gertz

82 3782 120 3840 ll'
135 3794 158 3838 et
183 3784 275 3840 Koch:
302 3787 345 3835 sed
371 3783 432 3838 aad.
457 3784 529 3854 confi
555 3785 589 3839 da
616 3784 673 3839 bea.
699 3789 724 3845 4,
751 3788 784 3837 29
811 3787 826 3835 2
920 3786 981 3836 ,diis
1007 3785 1102 3852 (corr.)
1127 3787 1202 3851 quide
1225 3787 1261 3836 hii
1280 3783 1303 3853 q'

81 3876 171 3942 (carr.)
214 3936 219 3947 Ι
271 3874 303 3927 15
329 3875 454 3938 malitque
551 3874 583 3928 16
608 3875 850 3925 halucinanactiones
876 3871 949 3938 (iada
969 3890 986 3926 a
1004 3873 1028 3922 lu
1042 3874 1156 3942 punctis
1174 3880 1303 3941 notatum,

81 3963 104 4016 ia
116 3980 204 4032 mara.
217 3979 251 4017 m.
266 3967 291 4027 3,
304 3968 335 4016 ul
346 3961 464 4027 uidetur,
476 3963 703 4029 habominationes)
796 3962 828 4015 18
847 3964 1020 4012 abnoctantem
1033 3961 1131 4031 ualqo:
1153 3965 1304 4018 obnoctante

168 4051 200 4105 19
225 4059 312 4116 seuit*
338 4052 413 4119 (ras,
435 4050 490 4120 fuit
509 4051 545 4118 m)
636 4053 746 4117 iniqul'la
766 4052 842 4117 (ras,
858 4049 914 4119 suit
933 4055 968 4114 m)
1059 4059 1156 4117 raptott
1175 4054 1304 4116 ingenuolt

83 4148 222 4207 corruptor&
242 4143 398 4207 (corruptore
418 4140 446 4194 in
464 4141 533 4207 ras.)
559 4140 618 4195 cod.
638 4147 762 4205 raptorem
785 4143 945 4205 ingenuorum
972 4138 1163 4208 [corruptorem]
1190 4137 1304 4208 Marim'q

84 4228 128 4283 aad
144 4227 181 4297 cf.
202 4228 262 4283 Lr'a.
282 4232 323 4291 29,
346 4233 374 4280 lt
391 4237 550 4295 constuprant
568 4268 574 4281 .
594 4269 600 4282 .
620 4230 738 4294 ingenuos
757 4236 840 4293 raptos
860 4246 888 4278 ex
907 4230 1037 4293 complexu
1056 4231 1192 4292 parentium

85 4317 114 4369 21
137 4320 204 4369 'aliud
223 4318 251 4384 (d
269 4319 353 4383 corr.)
445 4318 478 4370 23
503 4335 567 4368 mea
586 4319 654 4392 (ras.
670 4317 739 4385 fort.
760 4316 785 4383 a)
877 4322 957 4365 uestra
976 4322 1057 4366 tamen
1076 4315 1135 4370 cod.
1155 4323 1181 4370 et
1199 4322 1305 4372 ueteres

87 4439 224 4505 cationes,
244 4458 296 4495 om.
315 4450 397 4493 tamen
414 4440 528 4495 Fickert
545 4446 572 4495 et
589 4441 685 4495 Haase
792 4441 826 4494 24
845 4404 890 4489 hiis
910 4439 1058 4510 (suprascr.
1078 4457 1112 4496 m.
1132 4442 1197 4507 reo.)
1227 4494 1230 4500 .
