3046 5092
54 306 62 322 ⁰
155 326 196 386 32
430 318 509 360 DlAL.
531 318 620 360 Il.'AD
640 316 781 357 SERENVM
802 317 861 356 NEC
882 315 1024 355 INlVRlAM
1042 314 1101 356 NEC

153 466 231 529 alter
253 468 368 547 premit
392 464 504 525 uolnus
528 473 559 525 et
583 472 644 525 stat
668 465 697 524 in
721 464 830 545 gradu,
855 462 932 524 alter
948 442 1114 543 respiciens
1130 462 1172 532 ad
1188 460 1376 522 clamantem

153 573 304 656 populum
336 559 491 652 significat
520 569 595 631 nihil
625 592 694 632 esse
726 578 758 632 et
789 570 939 631 intercedi
967 589 1030 629 non
1059 569 1184 650 patitur.
1230 548 1402 642 nonest:

154 681 242 760 quod
265 691 355 761 putes
379 698 544 758 magnum,
568 698 631 759 quo
658 677 862 739 dissidemus:
904 675 979 736 illud
1003 695 1067 755 quo
1092 676 1133 736 de
1157 675 1269 754 agitur,
1292 675 1377 754 quod

155 808 250 848 unum
282 787 324 847 ad
355 805 412 847 uos
443 785 589 865 pertinet,
621 794 752 864 utraque
784 782 932 864 exempla
963 781 1142 856 hortantur,
1174 790 1378 843 contemnere

115 912 127 950 s
155 895 276 955 iniurias
308 901 339 953 et
372 912 450 971 quas
481 893 657 952 iniuriarum
689 891 817 952 umbras
849 911 886 950 ac
909 890 1101 971 suspiciones
1125 890 1273 964 dixerim,
1305 909 1376 950 con-

154 1000 311 1073 tumeliaS,
342 1000 383 1059 ad
416 1018 494 1078 quas
526 998 742 1079 despiciendas
774 1018 837 1056 non
869 998 1009 1078 sapiente
1033 1017 1114 1078 opus
1138 1005 1186 1058 est
1211 997 1293 1070 uiro,
1324 996 1379 1057 sed

156 1116 279 1169 tantum
311 1105 515 1186 consipiente,
552 1105 604 1184 qui
640 1104 698 1165 sibi
728 1104 828 1184 possit
864 1105 983 1165 dicere:
1026 1115 1130 1165 utrum
1162 1105 1277 1166 merito
1309 1103 1381 1165 mihi

89 1198 92 1204 ,
157 1215 215 1275 ista
239 1213 385 1274 accidunt
408 1232 447 1272 an
471 1212 632 1272 inmerito?
664 1212 689 1272 si
713 1212 836 1285 merit0,
860 1223 929 1271 non*
948 1219 996 1271 est
1013 1209 1211 1292 contumelia,
1236 1211 1382 1273 iudicium

158 1329 214 1381 est.
259 1321 284 1379 si
308 1319 461 1392 inmerit0,
485 1318 526 1379 illi
549 1319 602 1398 qui
626 1319 737 1380 iniusta
760 1317 845 1391 lacit,
874 1317 1124 1379 erubescendum
1149 1327 1205 1382 est.
1252 1327 1285 1381 et
1308 1318 1402 1398 quid-

120 1452 143 1490 ιο
158 1435 206 1487 est
229 1425 305 1486 illud
320 1425 415 1505 -quod
439 1426 630 1487 contumelia
654 1425 782 1486 dicitur?
814 1427 843 1486 in
867 1426 977 1506 capitis
1001 1426 1062 1486 mei
1086 1425 1246 1486 leuitatem
1264 1426 1388 1487 iocatus.

158 1542 206 1594 est
237 1541 269 1593 et
301 1533 330 1592 in
363 1531 527 1594 oculorum
559 1531 772 1593 ualetudinem
802 1541 835 1593 et
864 1532 893 1592 in
918 1552 1042 1593 crurum
1066 1533 1274 1613 gracilitatem
1299 1542 1332 1594 et
1355 1533 1383 1593 in

158 1647 326 1701 staturam:
361 1659 443 1719 quae
467 1638 657 1700 contumelia
680 1648 736 1714 est,
760 1639 848 1718 quod
872 1649 1003 1720 apparet
1031 1641 1159 1700 audire?
1191 1660 1300 1700 coram
1322 1660 1382 1701 uno

158 1745 274 1826 aliquid
291 1748 410 1808 dictum
434 1746 580 1819 ridemus
606 1765 714 1807 coram
737 1745 877 1827 pluribus
901 1746 1107 1825 indignamur,
1132 1756 1168 1814 et
1189 1767 1300 1808 eorum
1322 1745 1384 1808 aliis

159 1854 337 1915 libertatem
369 1874 433 1914 non
464 1852 680 1933 relinquimus,
713 1873 793 1933 quae
823 1853 881 1933 ipsi
912 1853 941 1913 in
965 1873 1024 1913 nos
1048 1854 1151 1914 dicere
1175 1854 1383 1916 adsueuimus

122 1984 146 2022 15
162 1961 238 2021 iocis
262 1960 446 2041 temperatis
470 1959 673 2033 delectamur,
696 1959 860 2020 inmodicis
884 1961 1050 2021 irascimur.

251 2066 354 2127 XVII.
394 2063 589 2146 Chrysippus
622 2067 664 2126 ait
687 2066 1081 2146 quendamindignatum,
1110 2068 1199 2146 quod
1222 2066 1310 2128 illum
1334 2066 1384 2129 ali-

162 2173 230 2253 quis
253 2193 419 2233 ueruecem
443 2173 597 2233 marinum
622 2173 754 2234 dixerat.
795 2175 826 2233 in
849 2181 959 2234 senatu
977 2171 1104 2234 flentem
1122 2175 1258 2236 uidimus
1274 2175 1386 2236 Fidum

164 2278 358 2353 Cornelium,
390 2279 527 2340 Nasonis
552 2277 646 2340 Ouidi
678 2299 846 2359 generum,
878 2299 950 2340 curn
974 2277 1059 2341 illurn
1084 2278 1225 2341 Corbulo
1248 2281 1385 2344 strutho-

165 2385 321 2459 camelum
353 2385 526 2466 depilatum
559 2386 699 2448 dixisset.
753 2387 903 2447 aduersus
935 2386 993 2447 alia
1024 2386 1192 2448 maledicta
1220 2408 1327 2449 mores
1358 2398 1387 2448 et

124 2512 150 2553 ro
165 2496 262 2555 uitam
295 2491 550 2562 conuolnerantia
580 2492 689 2553 frontis
721 2493 761 2552 illi
792 2492 922 2554 firmitas
953 2494 1105 2568 constitit,
1145 2495 1298 2556 aduersus
1328 2495 1388 2556 hoc

164 2611 230 2663 tam
262 2599 433 2661 absurdum
465 2598 612 2660 lacrimae
634 2600 853 2681 prociderunt:
896 2609 983 2662 tanta
1007 2601 1183 2662 animorum
1207 2602 1389 2665 inbecillitas

165 2716 220 2781 est,
245 2706 297 2767 ubi
326 2708 404 2768 ratio
429 2707 578 2768 discessit.
624 2707 699 2786 quid
728 2708 815 2787 quod
846 2705 1045 2783 offendimur,
1069 2709 1094 2767 si
1117 2709 1185 2788 quis
1199 2729 1390 2791 sermonem

165 2822 307 2875 nostrum
335 2815 481 2888 imitatur,
506 2814 532 2874 si
555 2805 622 2893 quis
638 2815 810 2891 incessum,
833 2815 858 2874 si
882 2815 949 2894 quis
974 2814 1083 2876 uitium
1107 2814 1235 2895 aliquod
1252 2817 1391 2897 corporis

79 2982 84 2990 ,
144 2931 218 2982 ‘aut
249 2920 374 3001 linguae
406 2920 572 3003 exprimit?
611 2921 699 3001 quasi
729 2921 853 2982 notiora
876 2920 925 2982 illa
948 2921 1024 2983 fiant
1047 2920 1107 2983 alio
1132 2922 1273 2983 imitante
1298 2920 1391 3004 quarn

126 3046 152 3086 as
167 3026 259 3089 nobis
291 3027 482 3089 iacientibus
528 3036 723 3089 senectutem
755 3028 884 3108 quidam
918 3029 1002 3090 inuiti
1031 3029 1160 3101 audiunt
1185 3038 1217 3090 et
1240 3050 1339 3103 canos
1363 3008 1393 3092 et

169 3134 227 3196 alia
256 3135 298 3195 ad
330 3122 411 3214 quae
443 3143 520 3195 uoto
551 3136 740 3216 peruenitur.
786 3136 979 3217 paupertatis
1010 3136 1212 3197 maledictum
1236 3139 1393 3218 quosdam

167 3241 314 3322 perussit,
352 3260 448 3320 quarn
485 3240 542 3302 sibi
579 3240 694 3302 obiecit
732 3242 869 3321 quisquis
901 3242 1075 3303 abscondit.
1128 3244 1234 3323 itaque
1265 3246 1395 3306 materia

168 3346 381 3428 petulantibus
413 3355 445 3408 et
464 3340 532 3428 ¹per
555 3347 777 3409 contumeliam
801 3349 927 3410 urbanis
950 3337 1138 3424 detrahitur,
1156 3350 1181 3410 si
1205 3350 1395 3413 ultroillam

170 3463 203 3514 et
226 3453 312 3535 prior
328 3474 473 3536 occupes
512 3474 607 3517 nemo
625 3455 719 3516 risum
735 3456 879 3536 praebuit
896 3457 947 3536 qui
964 3476 1005 3517 ex
1023 3477 1056 3517 se
1073 3457 1184 3539 coepit.
1224 3458 1395 3534 Vatinium,

131 3625 135 3632 ’
172 3631 297 3693 luulnus,
318 3647 350 3682 m.
371 3645 425 3682 rec.
445 3644 585 3699 superscr.
604 3633 651 3680 sibi
671 3632 742 3682 illatu
838 3632 922 3696 3quo
942 3634 1086 3683 dissidemus
1105 3630 1162 3684 El:
1184 3636 1251 3698 quod
1270 3629 1394 3684 dissidem‘

254 3754 269 3807 7
289 3757 439 3820 consipiente
459 3755 612 3811 Rubenius:
634 3758 800 3822 conspiciente
890 3720 975 3820 Quidsi
994 3758 1071 3821 possit
1155 3757 1172 3809 8
1191 3760 1318 3808 immerito

171 3863 327 3914 ‘dimmerito
422 3857 589 3915 ‘rubecsendt‘t
699 3862 732 3914 :10
751 3864 863 3925 leuitate,
890 3879 924 3919 m.
944 3878 998 3916 rec.
1017 3879 1154 3932 superscr.
1180 3865 1282 3928 planitie
1300 3865 1312 3912 l
1330 3865 1398 3930 depi-

1382 3965 1392 3991 S

172 4024 270 4087 latione,
290 4022 351 4076 ilem
371 4040 404 4076 m.
425 4039 479 4079 reo.
498 4023 526 4077 in
545 4039 631 4093 Μάνῃ.
650 4024 774 4073 leuitatem
793 4023 804 4072 l
823 4024 997 4090 depilationem
1102 4024 1133 4076 12
1153 4041 1199 4088 que
1304 4025 1337 4076 ’14
1357 4007 1400 4074 ad-

172 4133 291 4180 sueuimus
389 4130 420 4182 17
439 4132 546 4182 berbece
643 4117 717 4184 ltlet
736 4133 811 4179 uitam
831 4130 952 4200 Lt'pst'lts:
974 4132 1057 4179 etuitia
1153 4130 1187 4183 ‘20
1206 4114 1400 4214 etcuulnerantia

277 4238 310 4290 223
330 4238 430 4301 quidam
444 4235 605 4290 deteriores:
620 4239 696 4303 qdem
764 4276 767 4287 .
784 4237 829 4290 ,27
843 4237 933 4304 itaque]
948 4238 1014 4302 atqui
1030 4234 1119 4304 Gertz,
1133 4235 1184 4289 sed
1195 4235 1265 4290 illud
1276 4237 1402 4307 refertor

174 4323 212 4376 ad
230 4326 329 4378 crimen
350 4341 388 4379 ex
406 4325 469 4395 ipsa
487 4324 647 4380 abscondita
665 4330 827 4395 paupertate
850 4326 876 4377 in
897 4324 1093 4378 abscondentes
1112 4324 1274 4379 redundans

173 4414 207 4466 29
227 4417 293 4479 cepit
311 4413 378 4468 li..e.
399 4417 488 4480 coepit,
508 4430 562 4484 quo
581 4414 655 4468 risus
673 4431 690 4467 α
708 4413 786 4467 nobis
804 4415 869 4484 ipsis
889 4419 1039 4484 occupatus
1057 4414 1227 4485 st'qnifiootur
