3060 5078
537 306 617 349 DIAL.
632 307 659 350 V.
688 307 728 346 DE
743 307 795 347 IRA
811 307 865 351 LIB.
880 308 920 350 111.
949 312 1005 351 fb.
1341 315 1381 376 89

158 451 302 530 potentia
325 462 476 514 exercent
500 463 531 514 et
555 462 776 532 argumentum
800 454 911 514 uirium
936 455 1129 516 existumant
1152 466 1183 517 et
1207 457 1236 517 in
1260 457 1384 536 magnis

158 575 297 636 magnae
326 556 471 620 fortunae
494 559 585 620 bonis
608 568 731 641 ponunt
753 569 895 639 paratam
920 561 1084 635 ultionem,
1112 581 1207 642 quam
1231 582 1296 623 non
1321 563 1381 642 [sit]

159 672 291 742 potens,
331 666 430 726 immo
462 686 501 726 ne
532 665 610 727 liber
640 667 768 746 quidem
801 667 860 727 dici
891 667 991 746 possit
1022 667 1085 728 irae
1116 688 1190 729 suae
1221 669 1382 749 captiuus?

122 781 224 831 5110ss
248 771 294 832 uis
317 773 517 846 admoneam,
541 793 605 854 quo
629 771 807 852 diligentior
830 774 962 854 quisque
986 773 1025 834 sit
1049 783 1081 834 et
1104 775 1170 854 ipse
1193 794 1228 834 se
1251 775 1380 836 circum-

156 877 278 956 spiciat,
302 879 360 939 alia
383 879 476 939 animi
500 878 583 939 mala
607 880 648 939 ad
671 880 826 958 pessimos
842 899 985 960 quosque
1004 881 1168 959 pertinere,
1192 881 1382 942 iracundiam
1411 907 1422 945 5

156 983 255 1044 etiam
272 985 399 1046 eruditis
415 986 594 1046 hominibus
618 998 650 1046 et
673 987 703 1045 in
727 985 786 1047 alia
802 985 884 1046 sanis
905 986 1066 1066 inrepere?
1090 988 1172 1048 adeo
1196 998 1230 1047 ut
1253 987 1382 1068 quidam

154 1089 362 1169 simplicitatis
379 1093 525 1153 indicium
543 1093 734 1153 iracundiam
752 1095 856 1153 dicant
881 1103 913 1153 et
936 1092 1033 1172 uolgo
1052 1094 1197 1154 credatur
1221 1093 1382 1156 facillimus

155 1196 289 1276 quisque
313 1195 383 1258 huic
407 1198 574 1259 obnoxius,

120 1315 130 1364 l
248 1302 287 1362 V.
329 1303 487 1391 Quorsus,
533 1306 649 1386 inquiS,
696 1305 758 1366 hoc
793 1308 948 1385 pertinet?
987 1314 1022 1366 ut
1061 1325 1157 1366 nemo
1195 1327 1229 1367 se
1269 1308 1382 1370 iudicet

153 1419 260 1470 tutum
285 1414 325 1471 ab
350 1411 415 1485 illa,
447 1433 517 1472 cum
541 1411 627 1473 lenes
660 1432 787 1493 quoque
811 1421 921 1473 natura
945 1424 977 1473 et
999 1411 1142 1492 placidos
1165 1414 1195 1473 in
1218 1415 1380 1475 saeuitiam
1397 1435 1421 1475 ro

152 1540 194 1580 ac
217 1518 397 1581 uiolentiam
422 1528 541 1579 euocet.
588 1520 860 1599 quemadmodum
894 1520 1044 1580 aduersus
1074 1517 1285 1599 pestilentiam
1309 1519 1382 1580 nihil

151 1627 289 1706 prodest
320 1624 451 1687 firmitas
482 1627 623 1705 corporis
655 1634 687 1685 et
718 1625 849 1705 diligens
877 1625 1062 1687 ualetudinis
1086 1647 1172 1699 cura,
1203 1627 1381 1707 promiscue

152 1734 240 1794 enim
257 1731 399 1794 inbecilla
414 1731 606 1812 robustaque
630 1732 837 1792 inuadit:'ita
859 1732 900 1792 ab
924 1733 968 1792 ira
991 1740 1058 1793 tam
1082 1732 1225 1813 inquietis
1241 1732 1381 1794 moribus
1442 1773 1443 1776 =

151 1839 327 1919 periculum
360 1846 408 1899 est
438 1858 534 1918 quam
566 1839 737 1919 conpositis
761 1847 793 1899 et
815 1838 968 1912 remissis,
1000 1835 1114 1919 quibus
1138 1859 1177 1899 eo
1201 1840 1319 1919 turpior
1343 1859 1381 1901 ac

115 1927 358 2025 'tpericulosior
380 1955 443 2017 est,
475 1965 538 2024 quo
569 1943 638 2025 plus
671 1945 701 2005 in
732 1943 788 2006 illis
819 1953 928 2006 mutat.
981 1947 1039 2006 sed
1070 1965 1142 2005 cum
1173 1945 1309 2027 primum
1341 1947 1380 2006 sit
1397 1965 1419 2002 rs

152 2072 219 2112 non
244 2053 340 2126 irasci,
363 2053 537 2112 secundum
562 2052 712 2125 desinere,
736 2051 863 2112 tertium
879 2051 999 2113 alienae
1014 2072 1140 2132 quoque
1162 2053 1227 2112 irae
1253 2053 1380 2126 mederi,

152 2158 258 2219 dicam
289 2159 442 2239 primum,
481 2159 755 2238 quemadmodum
786 2159 816 2218 in
847 2158 925 2219 iram
956 2178 1021 2218 non
1052 2159 1234 2233 incidamus,
1265 2161 1380 2220 deinde

154 2265 430 2344 quemadmodum
461 2285 519 2326 nos
550 2265 590 2325 ab
615 2251 665 2325 illi
687 2264 872 2338 liberemus,
904 2266 1073 2326 nouissime
1105 2267 1379 2346 quemadmodum

155 2370 341 2433 irascentem
365 2373 553 2434 retineamus
577 2375 800 2452 placemusque
823 2382 854 2432 et
879 2375 919 2433 ad
944 2373 1332 2446 sanitatemreducamus,

129 2486 143 2538 3
244 2479 294 2539 Ne
317 2479 485 2540 irascamur
507 2478 746 2560 praestabimus
770 2480 794 2540 si
818 2480 925 2540 omnia
948 2480 1021 2539 uitia
1044 2480 1107 2539 irae
1131 2480 1222 2540 nobis
1246 2480 1379 2540 subinde
1393 2503 1419 2543 m

160 2585 411 2664 proposuerimus
434 2594 466 2646 et
489 2585 571 2646 illam
595 2585 677 2646 bene
701 2587 978 2646 aestimauerimus
1024 2586 1199 2646 accusanda
1223 2594 1271 2647 est
1294 2587 1379 2666 apud

165 2706 222 2763 nos,
245 2692 433 2752 damnanda.
465 2694 691 2772 perscrutanda
711 2693 776 2752 eius
793 2691 876 2752 mala
900 2702 931 2752 et
954 2693 985 2752 in
1009 2693 1148 2752 medium
1164 2684 1380 2772 protrahenda
1460 2696 1462 2698 ’

140 2785 233 2854 isunr.
280 2806 313 2858 ut
337 2798 435 2878 qualis
458 2799 498 2858 sit
521 2807 680 2878 appareat,
713 2800 915 2878 conparanda
938 2791 1010 2859 cum
1034 2799 1176 2878 pessimis
1200 2806 1256 2858 est.
1305 2818 1377 2859 aua-

169 2897 224 2961 ritia
244 2905 379 2984 adquirit
402 2912 434 2964 et
458 2905 622 2978 contrahit,
651 2925 714 2985 quo
739 2906 847 2986 aliquis
871 2904 982 2966 melior
1004 2913 1127 2965 utatur:
1162 2905 1206 2964 ira
1229 2906 1379 2984 inpendit,

169 3011 258 3079 paucis
289 3012 426 3091 gratuita
456 3019 512 3072 est.
559 3012 723 3072 iracundus
756 3013 903 3072 dominus
939 3020 1019 3091 quot
1056 3011 1086 3070 in
1125 3009 1233 3090 fugam
1269 3031 1378 3072 seruos
1393 3034 1419 3074 25

168 3110 238 3186 egit?
276 3127 355 3198 quot
385 3119 415 3178 in
447 3121 605 3179 mortem?
644 3128 764 3198 quanto
795 3118 864 3198 plus
895 3118 1058 3179 irascendo
1098 3137 1193 3197 quam
1231 3118 1263 3178 id
1302 3127 1378 3192 erat,

162 3229 282 3300 Propter
305 3225 394 3304 quod
417 3224 623 3297 irascebatur,
647 3225 785 3285 amisit?v
802 3225 846 3285 ira
868 3224 949 3305 patri
972 3223 1106 3298 luctum,
1135 3225 1249 3284 marito
1264 3225 1377 3285 'diuor-

133 3307 230 3388 5l¹l¹m
262 3330 380 3404 attulit,
411 3331 605 3410 magistratui
637 3331 761 3405 odium,
797 3332 968 3392 candidato
999 3329 1165 3410 repulsam.
1211 3331 1300 3411 peior
1331 3340 1379 3392 est

152 3436 248 3496 quam
278 3435 416 3510 luxuria,
447 3438 596 3517 quoniam
628 3435 678 3498 illa
717 3458 773 3498 sua
811 3436 974 3518 uoluptate
1011 3436 1135 3511 fruitur,
1167 3437 1246 3498 haec
1276 3437 1377 3498 alieno

147 3523 273 3604 dOlore.
317 3544 412 3603 uincit
435 3542 662 3622 malignitatem
687 3553 718 3604 et
741 3545 907 3604 inuidiam:
935 3542 1004 3604 illae
1028 3544 1110 3604 enim
1134 3541 1288 3604 infelicem
1312 3542 1378 3603 fieri
1392 3566 1417 3603 m

142 3633 278 3723 uOlunt,
310 3648 388 3709 haec
419 3646 529 3710 facere.
576 3648 645 3709 illae
676 3648 809 3711 fortuitis
840 3649 930 3711 malis
961 3648 1171 3722 delectantur,
1204 3648 1283 3709 haec
1314 3669 1378 3709 non

139 3891 144 3940 ¹
165 3910 326 3963 existimant
346 3912 446 3979 (altera
465 3915 473 3962 i
489 3911 545 3980 fuit
563 3914 588 3978 u)
685 3914 700 3963 2
719 3915 751 3962 sit
768 3911 877 3965 seclusit
898 3911 989 3965 Haase
1088 3912 1103 3963 3
1123 3914 1233 3977 captiuus
1253 3912 1375 3980 Lipsius:

135 3996 240 4051 captus
327 4003 520 4056 iammoneam
540 4002 628 4072 (prior
647 4018 671 4049 m
691 4000 773 4068 corr.)
867 4003 881 4054 'i
902 4003 975 4067 uulgo
1068 4002 1099 4053 12
1119 4002 1257 4050 ualitudinis
1277 4000 1378 4068 (prirna

137 4087 264 4157 ιθθνν.)
352 4091 382 4144 14
401 4092 545 4155 compositis
632 4090 663 4143 lb'
683 4092 793 4140 desinere
815 4089 981 4143 Gronovius:
1003 4092 1110 4139 detinere
1187 4090 1219 4141 21
1240 4096 1298 4153 aput

141 4161 177 4216 Ὦ
201 4179 295 4229 malari
404 4180 437 4232 ‘23
457 4182 627 4245 comparanda
723 4179 757 4232 24'
777 4182 879 4244 acquirit
898 4181 921 4244 (c
941 4194 979 4232 ex
998 4181 1015 4228 d
1033 4179 1117 4254 corr.)
1215 4178 1359 4226 contrahit*

151 4306 229 4358 quo*
252 4301 316 4371 (suit
332 4303 410 4370 quod)
502 4305 614 4369 inpendit
633 4301 771 4356 Muretus:
794 4304 903 4353 incendit
987 4302 1021 4354 25
1040 4257 1111 4366 giiii
1130 4299 1262 4368 (sortasse
1281 4315 1314 4351 ni.
1329 4316 1376 4369 pr.

159 4394 303 4458 stlprascr.)
355 4392 423 4450 ,25
444 4399 469 4444 et
486 4391 520 4443 QG
540 4395 607 4457 quod
621 4408 677 4462 pro
696 4402 755 4457 quot
840 4390 874 4444 ‘28
893 4392 1014 4456 repulsam
1035 4391 1056 4455 (r
1075 4391 1157 4452 corr.)
