3046 5092
442 338 522 382 orni.
538 339 578 382 111.
608 340 818 382 urrunnun
840 328 920 388 njis.
1260 347 1299 406 51

51 479 54 485 ’
86 485 161 548 aliter
191 507 289 567 quam
320 487 372 566 qui
403 495 529 548 aterra
552 487 636 569 uenti
659 495 790 566 surgunt
814 495 845 546 et
869 485 1048 547 fluminibus
1071 485 1302 567 paludibusque

58 595 218 674 5c0ncepti
249 595 316 654 sine
347 594 518 673 pertinacia
550 591 753 675 uehementes
782 601 872 654 sunt:
914 594 1020 673 incipit
1044 613 1162 673 magno
1185 595 1303 674 inpetu,

83 700 188 762 deinde
220 699 327 761 deficit
359 700 432 760 ante
462 708 589 779 tempus
620 698 763 779 fatigata,
796 708 841 773 et,
872 719 954 779 quae
985 698 1058 759 nihil
1091 698 1174 761 aliud
1205 721 1302 780 quam

40 846 46 860 .
83 791 294 867 crudelitatem
325 825 363 866 ac
392 826 477 867 noua
507 825 625 885 genera
649 825 823 887 poenarum
848 814 1040 879 uersauerat,
1065 826 1136 867 cum
1160 808 1301 869 animad-

83 913 264 974 uertendum
296 921 357 988 est,
388 914 450 974 iam
484 911 582 973 fracta
605 912 745 992 lenisque
768 920 824 973 est.
870 911 1012 972 adfectus
1035 914 1097 973 cito
1122 914 1218 988 cadit,
1249 934 1330 974 ae-rr

60 1008 157 1097 tquali
180 1028 247 1080 sest
270 1019 360 1080 ratio,
406 1027 546 1080 ceterum
567 1020 662 1079 etiam
683 1017 737 1078 ubi
752 1020 965 1098 perseuerauit
979 1019 1032 1091 ira,
1056 1039 1303 1100 nonnumquam,

87 1123 108 1184 si
120 1123 223 1205 plures
239 1132 312 1185 sunt
328 1125 380 1204 qui
396 1125 497 1204 perire
514 1132 702 1198 meruerunt,
725 1132 799 1204 post
816 1125 951 1184 duorum
967 1125 1103 1184 triumue
1118 1113 1303 1205 sanguinem

10 1246 16 1255 ·
90 1231 222 1293 occidere
263 1231 386 1292 desinit.
447 1231 538 1311 primi
570 1231 634 1291 eius
664 1231 744 1291 ictus
775 1250 863 1292 acres
893 1239 965 1290 sunt
1002 1232 1081 1291 sicut
1111 1233 1304 1312 serpentium

91 1353 199 1399 uenena
221 1359 241 1399 a
265 1336 358 1398 cubili
381 1338 576 1416 erepentium
600 1343 725 1411 nocent,
748 1337 867 1397 innoxii
892 1337 1004 1398 dentes
1027 1345 1109 1411 sunt,
1140 1357 1212 1398 cum
1235 1338 1304 1399 illos

69 1437 223 1522 ifrequens
255 1463 378 1504 morsus
410 1442 571 1504 exhausit:
621 1462 699 1522 ergo
729 1463 794 1503 non
825 1443 911 1522 paria
942 1444 1101 1523 patiuntur
1131 1445 1185 1523 qui
1215 1445 1303 1524 paria
1319 1463 1342 1502 u

95 1546 317 1620 commiserunt,
357 1558 388 1609 et
418 1569 514 1629 saepe
545 1549 596 1629 qui
629 1549 730 1609 minus
762 1549 934 1622 commisit,
969 1549 1039 1629 plus
1069 1550 1200 1629 patitur,
1232 1552 1305 1630 quia

95 1657 243 1717 recentiori
275 1654 417 1716 obiectus
448 1664 504 1716 est.
558 1664 590 1715 et
620 1656 651 1716 in
674 1663 778 1715 totum
801 1654 970 1735 inaequalis
995 1664 1058 1716 est:
1101 1656 1200 1717 modo
1224 1655 1305 1716 ultra

93 1774 174 1834 quam
204 1770 334 1842 oportet
365 1762 516 1839 excurrit,
548 1762 648 1823 modo
680 1762 804 1822 citerius
835 1761 944 1822 debito
968 1763 1092 1823 resistit.
1138 1761 1196 1823 sibi
1220 1763 1303 1822 enim

89 1860 219 1948 indulget
252 1876 284 1928 et
316 1888 358 1928 ex
388 1866 517 1929 libidine
547 1868 663 1929 iudicat
695 1876 727 1928 et
758 1868 865 1929 audire
895 1888 960 1929 non
984 1866 1049 1928 uult
1072 1858 1104 1928 et
1127 1869 1303 1948 patrocinio

85 1984 138 2030 non
167 1973 310 2055 relinquit
333 1974 439 2035 locum
462 1982 495 2035 et
519 1994 557 2036 ea
578 1982 667 2035 tenet
690 1994 771 2053 quae
795 1975 906 2035 inuasit
929 1983 961 2034 et
984 1975 1060 2054 eripi
1083 1974 1141 2036 sibi
1157 1975 1303 2035 iudicium
1319 1991 1344 2031 15

81 2088 178 2154 Suum,
202 2082 297 2142 etiam
321 2081 347 2141 si
369 2100 503 2160 prauum
528 2088 583 2155 est,
607 2101 672 2141 non
695 2080 775 2140 sinit.

49 2185 60 2237 1
167 2185 283 2247 XVIII.
315 2186 411 2247 Ratio
435 2187 557 2266 utrique
580 2187 661 2266 parti
684 2194 810 2266 tempus
827 2187 890 2246 dat.
930 2186 1046 2246 deinde
1061 2187 1304 2248 aduocationem

74 2290 97 2342 tt
118 2291 193 2353 sibi
215 2294 308 2373 petit,
339 2301 373 2352 ut
396 2291 604 2353 excutiendae
628 2292 751 2353 ueritati
774 2292 909 2372 spatium
934 2290 1069 2353 habeat:
1103 2293 1149 2354 ira
1170 2292 1304 2354 festinat.

10 2428 15 2434 -
71 2390 157 2456 ratio
182 2399 214 2458 id
237 2399 374 2459 iudicare
398 2396 464 2458 uult
487 2397 574 2479 quod
597 2416 733 2477 aequum
758 2405 824 2460 est:
859 2399 904 2459 ira
926 2398 958 2458 id
981 2418 1092 2459 aecum
1117 2399 1214 2460 uideri
1238 2397 1304 2459 uult

42 2501 167 2573 2qU0d
198 2505 354 2566 iudicauit.
399 2504 480 2565 ratio
511 2503 553 2565 nil
584 2512 709 2584 praeter
739 2504 841 2583 ipsum
874 2505 915 2564 de
945 2525 1009 2584 quo
1033 2505 1136 2584 agitur
1159 2513 1300 2584 spectat:
1318 2527 1344 2569 20

67 2598 102 2659 ira
133 2611 233 2672 uanis
257 2618 289 2670 et
312 2618 405 2671 extra
428 2604 557 2671 causani
571 2589 812 2671 obuersantibus
829 2617 1059 2672 commouetur.
1099 2609 1202 2671 uoltus
1218 2609 1303 2671 illam

67 2718 227 2792 securior,
261 2736 328 2777 uox
351 2714 474 2790 clarior,
505 2736 611 2776 sermo
635 2715 776 2789 liberior,
806 2715 906 2776 cultus
931 2715 1109 2790 delicatior,
1133 2717 1303 2777 aduocatio

68 2813 291 2897 ambitiosior,
330 2820 419 2883 fauor
456 2820 614 2903 popularis
646 2831 844 2903 exasperant.
899 2842 994 2902 saepe
1024 2821 1137 2882 infesta
1166 2831 1303 2902 patrono

68 2935 167 2988 reum
200 2930 348 3003 damnat;
382 2929 477 2989 etiam
501 2929 526 2988 si
556 2929 706 3008 ingeritur
738 2928 834 2995 oculis
866 2930 993 3001 ueritas,
1025 2937 1112 2989 amat
1144 2937 1175 2989 et
1199 2937 1304 2988 tuetur

68 3041 227 3096 errorem.
266 3035 395 3114 coargui
418 3055 482 3095 non
506 3033 572 3094 uult
596 3042 628 3094 et
651 3035 681 3094 in
706 3033 789 3095 male
813 3036 933 3115 coeptis
956 3033 1119 3095 honestior
1142 3033 1182 3095 illi
1206 3036 1300 3114 perti-
1316 3059 1343 3099 rr

41 3134 168 3200 aneia
190 3141 314 3202 uidetur
336 3161 432 3220 quam
456 3140 655 3222 paenitentia.
702 3139 758 3202 Cn.
782 3140 854 3202 Piso
878 3140 933 3201 fuit
957 3141 1111 3203 memoria
1134 3151 1243 3201 nostra
1259 3142 1305 3202 uir

67 3252 83 3293 ἃ
107 3247 233 3307 multis
265 3247 346 3307 uitiis
368 3247 507 3326 integer,
530 3247 588 3307 sed
611 3267 726 3326 prauus
750 3255 781 3307 et
805 3248 853 3307 cui
876 3245 1023 3327 placebat
1045 3268 1104 3328 pro
1129 3248 1305 3308 constantia

68 3338 174 3418 rigor,
218 3354 243 3414 is
275 3373 347 3414 eum
377 3353 474 3414 iratus
505 3353 577 3412 duci
607 3352 745 3413 iussisset
773 3352 864 3427 eum,
894 3355 947 3433 qui
970 3374 1012 3414 ex
1036 3362 1216 3414 commeatu
1238 3354 1306 3414 sine

18 3488 21 3497 κ
69 3457 295 3520 commilitone
338 3459 489 3533 redierat,
535 3459 623 3547 quasi
661 3457 867 3521 interfecisset
893 3480 996 3551 quem
1028 3481 1092 3521 non
1122 3458 1305 3532 exhibebat,

69 3601 292 3626 X.—

70 3706 199 3770 Iideficit
216 3721 341 3792 Lipsius:
363 3723 452 3770 defecit
561 3723 627 3770 aliud
646 3722 674 3786 (d
692 3736 730 3774 ecc
750 3727 758 3770 t
777 3722 859 3787 corr.)
964 3723 978 3772 h
999 3724 1048 3771 iam
1067 3724 1144 3772 fracta
1164 3720 1303 3776 Muretus:

70 3795 112 3846 iam
137 3805 188 3858 ira
204 3812 281 3859 fracta
317 3844 320 3849 -
378 3812 459 3867 affect;
564 3809 678 3874 8pr1m5
700 3810 768 3875 (σθω
790 3809 900 3862 uidetur
919 3813 926 3859 i
942 3808 1022 3878 facta
1041 3812 1110 3877 esse)
1209 3811 1305 3863 liuena

71 3883 106 3947 (ne
122 3899 285 3964 Superior.)
374 3897 406 3950 l?
425 3878 553 3948 recentiori
628 3898 659 3951 13
680 3899 853 3948 debitoresistit
873 3899 980 3966 (citerius
999 3901 1084 3950 debito
1098 3901 1124 3951 in
1138 3916 1224 3968 murgi.
1239 3915 1273 3952 m.
1289 3901 1304 3951 3

72 3974 230 4047 repetitum)
312 3986 345 4039 14
364 3969 493 4052 patricinio
513 3985 539 4056 (ο
559 3985 710 4055 superior.)
797 3986 830 4038 ⁴18
849 3989 1051 4053 ueritatispatium
1135 3988 1168 4040 19
1188 3995 1236 4050 ccli
1255 3991 1305 4052 (σω

74 4071 149 4116 cest
176 4072 318 4142 qfacfum)
398 4077 475 4125 uideri
495 4076 544 4125 uult
564 4073 664 4143 Neap.:
685 4076 764 4124 uideri
783 4093 832 4124 non
851 4076 901 4124 uult
978 4071 1088 4133 21uulr'
1181 4074 1218 4133 23Ἰ
1234 4076 1304 4124 fauor

77 4145 100 4209 (11
116 4151 149 4204 in
176 4160 194 4207 b
211 4167 289 4226 corr.)
363 4162 397 4215 24
416 4165 517 4213 damnat
536 4163 622 4217 ceferi
638 4171 667 4214 ul
686 4161 808 4216 uidetur:
831 4166 924 4213 donant
996 4164 1030 4217 27
1049 4167 1086 4212 ira
1104 4181 1192 4228 prauus
1214 4161 1304 4228 Gertz,

81 4236 126 4290 8θᾶ
153 4261 241 4308 prauus
263 4268 317 4304 uon
342 4258 403 4305 erut
427 4250 619 4322 reamandum,
637 4250 674 4319 cf.
694 4250 732 4304 ad
750 4250 876 4306 Heluium
898 4257 938 4314 iu,
964 4256 994 4303 10
1022 4258 1073 4301 tam
1102 4269 1193 4316 prauae
1217 4255 1306 4301 mentis

83 4325 199 4390 hominu
219 4337 279 4392 Vell,
298 4338 363 4396 Par,
380 4344 404 4404 2,
428 4343 466 4403 18,
487 4345 502 4391 6
520 4344 547 4394 P.
568 4339 740 4404 Sulpicius..
761 4381 767 4394 ,
787 4341 868 4390 subito
887 4357 976 4405 prauus
994 4357 1023 4389 ac
1043 4356 1171 4405 praeceps3
1194 4343 1218 4402 2,
1232 4343 1305 4402 uu,3

88 4415 151 4464 iussu
171 4421 268 4479 hominis
285 4431 424 4494 prauissimi
496 4429 530 4483 2³
550 4431 569 4477 is
589 4427 627 4494 (in
647 4431 713 4492 ras.)

1051 4517 1089 4568 r*
