3046 5092
238 344 318 392 orm.
334 342 374 392 ut.
401 349 445 390 ao
460 347 602 391 sananvn
618 347 658 388 na
672 346 938 399 Tannovnnmra
952 338 1050 393 numi.
1080 351 1113 394 n.
1225 345 1285 417 Μ

22 518 30 535 ·
56 499 220 580 trepidum
251 496 386 561 animal?
418 520 457 561 eo
488 471 589 578 magis
620 497 893 560 conuulneraberis
926 507 958 559 et
981 495 1186 572 confodieris,
1218 475 1294 579 quia

57 607 164 668 nescis
186 605 339 686 praebere
362 605 521 687 iugulum:
555 614 589 668 at
611 614 646 667 tu
670 615 702 667 et
724 607 811 667 uiues
835 606 949 674 diutius
972 614 1004 667 et
1027 604 1168 666 morieris
1191 624 1289 684 expe-

58 712 166 786 ditius,
188 712 241 792 qui
264 710 379 774 serrum
403 731 467 773 non
490 712 647 773 subducta
669 713 789 774 ceruice
810 732 869 773 nec
884 712 1029 773 manibus
1046 709 1209 792 oppositis
1232 711 1290 771 sed

13 839 32 890 0·
57 819 203 879 animose
233 818 353 897 recipis,
398 817 450 896 qui
483 825 620 878 mortem
644 816 776 891 timebit,
808 815 882 878 nihil
905 836 1056 897 umquam
1079 836 1138 895 pro
1161 816 1290 877 homine

58 926 134 985 uiuo
166 923 277 985 saciet·
313 933 346 986 at
376 924 428 1004 qui
458 924 535 984 sciet
566 922 628 984 hoc
658 923 716 984 sibi
746 943 817 984 cum
846 923 1062 1002 conciperetur
1084 923 1191 984 statim
1216 932 1317 983 con-⁵

58 1028 198 1103 dictum,
229 1029 314 1091 uiuet
345 1030 386 1090 ad
417 1027 585 1090 formulam
617 1037 649 1090 et
679 1028 770 1090 simul
800 1028 875 1090 illud
906 1049 1034 1110 quoque
1057 1029 1173 1090 eodem
1197 1027 1291 1089 animi

59 1134 180 1196 robore
209 1135 396 1216 praestabit,
429 1155 469 1196 ne
499 1136 573 1216 quid
606 1155 648 1196 ex
680 1135 730 1209 iis,
766 1155 847 1217 quae
878 1135 1040 1209 eueniunt,
1075 1134 1213 1196 subitum
1243 1133 1291 1194 sit.

58 1241 213 1322 quidquid
237 1242 319 1303 enim
343 1240 410 1303 fieri
425 1249 540 1321 potest,
563 1242 651 1322 quasi
668 1241 805 1303 futurum
821 1244 869 1314 sit,
893 1240 1116 1321 prospiciendo
1132 1238 1290 1302 malorum

60 1347 204 1408 omnium
235 1348 359 1427 inpetus
390 1347 527 1422 molliet,
558 1349 611 1429 qui
633 1348 675 1410 ad
697 1357 903 1428 praeparatos
926 1356 1196 1429 expectantesque
1218 1344 1292 1407 nihil

59 1449 208 1514 adserunt
230 1454 322 1515 noui:
349 1453 465 1515 securis
489 1461 521 1515 et
543 1452 638 1516 beata
653 1461 777 1517 tantum
793 1453 1009 1534 spectantibus
1025 1473 1139 1534 graues
1155 1453 1290 1516 ueniunt.
1306 1457 1330 1498 ¹⁰

60 1556 193 1619 morbus
216 1558 308 1633 enim,
332 1559 511 1638 captiuitas,
534 1559 634 1633 ruina,
658 1559 754 1638 ignis,
776 1558 851 1620 nihil
874 1557 989 1621 horum
1012 1559 1210 1639 repentinum
1233 1565 1289 1619 est.

17 1685 35 1701 r
59 1662 217 1737 sciebam,
250 1663 399 1745 inquam
423 1663 652 1726 tumultuosum
677 1684 729 1725 me
752 1663 991 1725 contubernium
1014 1672 1126 1725 natura
1142 1663 1291 1726 clusisset.

59 1771 180 1831 totiens
217 1769 248 1831 in
282 1770 393 1832 uicinia
423 1791 494 1832 mea
525 1769 759 1832 conclamatum
791 1779 847 1831 est.
892 1770 1008 1832 totiens
1039 1776 1165 1850 'praeter
1195 1768 1290 1830 limen

59 1877 233 1937 inmaturus
257 1877 408 1958 exequias
431 1876 484 1937 fax
509 1897 679 1958 cereusque
699 1879 878 1956 praecessit.
916 1896 1012 1956 saepe
1027 1896 1047 1937 a
1061 1875 1158 1938 latere
1175 1875 1290 1936 ruentis

60 1980 193 2043 aedificii
221 1982 326 2064 fragor
353 1983 464 2044 sonuit.
512 1982 629 2045 multos
653 1984 769 2057 exiis,
797 2002 878 2063 quos
901 1982 1020 2058 sorum,
1052 1983 1150 2056 curia,
1182 2001 1287 2043 sermo
1304 1981 1327 2028 ¹⁵

61 2107 187 2149 mecum
226 2096 444 2162 contraxerat,
482 2110 550 2149 nox
588 2088 716 2150 abstulit
751 2099 791 2151 et>
816 2085 957 2172 [iunctas]
989 2088 1145 2150 sodalium
1178 2107 1289 2148 manus

61 2192 226 2274 copulatas
257 2194 445 2257 interscidit:
481 2196 573 2256 mirer
604 2196 644 2257 ad
676 2215 728 2257 me
759 2195 928 2276 aliquando
951 2194 1089 2276 pericula
1112 2194 1288 2266 accessisse,

32 2283 35 2288 ’
61 2321 144 2382 quae
168 2302 250 2363 circa
272 2322 324 2363 me
347 2322 474 2382 semper
496 2302 686 2363 errauerint?
722 2321 838 2380 magna
861 2321 933 2382 pars
948 2303 1112 2364 hominum
1129 2310 1184 2374 est,
1208 2317 1289 2380 quae

23 2407 248 2488 gnauigatura
286 2410 327 2470 de
357 2416 549 2488 tempestate
580 2429 644 2470 non
676 2408 803 2488 cogitat.
857 2427 1030 2490 numquam
1061 2428 1114 2469 me
1143 2408 1174 2468 in
1204 2407 1290 2467 bona

61 2516 219 2577 sententia
242 2515 315 2576 mali
338 2512 468 2596 pudebit
492 2515 636 2578 auctoris,
682 2514 847 2590 Publilius,
871 2516 997 2596 tragicis
1021 2515 1211 2597 comicisque
1234 2533 1286 2573 ue·
1303 2520 1329 2560 '2⁰

62 2620 242 2684 hementior
264 2602 402 2700 ingeniis,
425 2603 573 2702 quotiens
594 2622 735 2683 mimicas
757 2622 889 2702 ineptias
912 2631 945 2685 et
960 2623 1057 2683 uerba
1072 2622 1114 2682 ad
1130 2640 1288 2682 summam

63 2747 195 2790 caueam
219 2730 394 2808 spectantia
416 2728 547 2809 reliquit,
570 2730 650 2791 inter
674 2727 773 2789 multa
795 2728 855 2790 alia
878 2727 1046 2803 cothurno,
1078 2747 1142 2788 non
1165 2735 1288 2789 tantum

63 2834 179 2914 sipario
202 2833 341 2909 fortiora,
365 2843 397 2896 et
419 2833 481 2896 hoc
505 2834 566 2897 ait:

322 2945 411 3001 cuiuis
428 2951 521 3019 potest
542 2944 666 3001 accidere
689 2943 767 3017 quod
787 2944 917 3017 cuiquam
936 2950 1034 3019 petest.
1076 2931 1078 2935 ⁵

64 3044 127 3107 hoc
157 3047 184 3107 si
207 3047 274 3128 quis
298 3047 328 3107 in
351 3046 507 3109 medullas
531 3047 690 3109 demiserit
713 3056 746 3108 et
771 3048 876 3107 omnia
899 3046 1000 3108 aliena
1024 3046 1123 3121 mala,
1154 3066 1289 3125 quorum
1304 3052 1330 3091 ‘²⁵

65 3152 175 3232 ingens
200 3153 316 3215 cotidie
340 3156 433 3233 copia
455 3162 521 3229 est,
545 3157 589 3216 sic
612 3154 809 3233 adspexerit,
833 3162 997 3232 tamquam
1020 3153 1152 3215 liberum
1176 3151 1233 3213 illis
1258 3160 1291 3213 et

33 3259 107 3327 uad
129 3279 165 3320 se
189 3259 247 3320 iter
269 3259 317 3334 sit,
342 3259 442 3323 multo
465 3270 540 3322 ante
563 3280 597 3321 se
620 3258 756 3321 armabit
779 3280 874 3341 quam
898 3267 1031 3340 petatur.
1077 3279 1148 3337 sero
1168 3259 1290 3320 animus
1341 3288 1344 3293 ·

66 3366 105 3426 ad
136 3363 347 3445 periculorum
377 3367 562 3446 patientiam
593 3373 668 3447 post
699 3364 836 3445 pericula
867 3365 1032 3428 instruitur.
1086 3384 1152 3426 non
1182 3366 1290 3445 putaui

67 3629 80 3679 1
105 3629 320 3680 conuulneraberis
429 3627 444 3680 5
469 3629 526 3677 uiuo
553 3626 654 3697 Neap.:
676 3629 734 3677 uilio
842 3630 884 3693 qui
902 3631 963 3677 sciet
983 3627 1083 3697 Neara:
1104 3631 1184 3693 qsciat

67 3715 82 3768 8
106 3719 223 3782 quicquid
320 3718 372 3765 fieri
390 3714 488 3785 sculpo:
509 3717 529 3764 si
550 3717 601 3764 fieri
698 3715 713 3769 9
739 3718 842 3781 impetus
938 3722 1082 3781 preparatus
1182 3715 1215 3768 10
1234 3730 1289 3784 pro

65 3807 231 3871 spectantibus
249 3801 340 3859 malim
358 3805 512 3870 sperantibus
612 3805 642 3856 11
670 3806 771 3854 morbus
790 3807 854 3854 enim
874 3803 1036 3859 deteriores:
1057 3807 1139 3862 morb;
1160 3809 1195 3854 est

66 3894 97 3947 14
121 3895 265 3944 immaturas
372 3881 487 3959 piccessit
596 3890 628 3943 16
653 3909 701 3942 nox
720 3892 779 3947 siue
797 3891 983 3947 additamento
996 3883 1157 3963 pro'morte
1175 3892 1201 3946 si
1218 3890 1290 3944 dixit

67 3979 179 4046 Seneca,
197 3985 306 4035 secutus
324 3988 365 4034 est
386 3977 502 4050 Verqiiii
517 3977 673 4050 exemplum
692 3980 757 4035 Aen.
779 3986 810 4044 6,
823 3985 871 4053 327
898 3982 1035 4032 concordes
1058 3983 1155 4031 animae
1178 3998 1240 4030 nunc
1266 3987 1289 4030 et

67 4071 122 4121 dum
141 4075 216 4120 nocte
233 4077 373 4136 premuntur
509 4071 603 4119 iunctas
622 4067 734 4123 induerit
752 4067 838 4124 Hertz
952 4072 1075 4121 sodalium
1094 4068 1163 4132 cod,
1182 4085 1236 4121 non
1256 4070 1289 4117 ad

417 4156 424 4195 l

66 4213 205 4262 sodalitium
297 4209 330 4264 17
353 4216 471 4277 copuatas
489 4208 549 4264 cod.
569 4191 679 4275 copiates
698 4209 813 4281 Madm’q
909 4228 973 4261 me*
999 4211 1104 4281 (parua
1121 4210 1189 4276 rur.)

68 4299 98 4352 19
117 4302 141 4349 in
161 4302 228 4349 bona
246 4301 365 4350 sententia
385 4297 483 4352 Gertz:
504 4301 529 4348 in
547 4300 615 4348 bona
742 4299 776 4353 20
800 4300 917 4349 Publilius
936 4297 1045 4368 Haupt:
1066 4300 1164 4365 publius

68 4440 98 4493 22
108 4395 220 4522 ‘reliquid‘
301 4447 413 4495 coturno
503 4440 536 4493 26
556 4442 677 4504 aspexerit

1020 4527 1075 4580 14*
