3046 5092
211 336 271 400 108
572 320 651 376 uini,
666 333 692 375 v.
723 332 762 372 uu
776 330 827 373 mi
841 331 897 374 nm.
913 329 952 374 in.
981 337 1015 378 25,
1030 334 1064 376 n,

207 482 252 542 sic
276 481 385 542 inritus
408 481 528 559 ingenti
552 478 684 559 scopulo
708 478 820 541 fluctus
843 478 990 541 adsultat.
1036 483 1087 562 qui
1116 500 1180 541 non
1204 481 1360 554 irascitur,
1388 481 1433 542 in-

208 607 377 649 concussus
401 588 509 648 iniuria
531 587 684 667 perstitit,
708 589 940 672 quiirascitur,
966 596 1073 648 motus
1096 596 1153 648 est.
1199 597 1232 649 at
1254 586 1314 660 ille,
1339 606 1434 666 quem
1453 601 1469 653 4

209 695 308 755 modo
341 691 485 755 altiorem
518 695 604 754 omni
634 693 840 754 incommodo
871 692 976 773 posui,
1007 701 1094 754 tenet
1118 692 1269 773 amplexu
1292 693 1436 774 quodam

209 802 309 862 modo
340 820 500 862 summum
532 799 660 861 bonum.
708 819 766 861 nec
796 797 915 860 homini
946 807 1087 875 tantum,
1118 798 1173 861 sed
1201 799 1259 880 ipsi
1289 799 1437 893 fortunae

182 908 398 989 srespondet:
441 908 548 968 omnia
579 906 650 968 licet
681 905 791 979 facias
830 907 933 967 minor
960 927 1010 981 es,
1041 926 1137 986 quam
1167 914 1202 968 ut
1232 900 1436 968 serenitatem

156 1087 159 1093 ⁴
209 1033 313 1075 meam
338 1012 489 1076 obducas.
536 1021 623 1075 uetat
647 1011 710 1073 hoc
733 1013 822 1087 rati0,
846 1014 894 1074 cui
917 1014 1014 1074 uitam
1038 1013 1211 1094 regendam
1236 1013 1319 1076 dedi.
1341 1088 1343 1093 ⁴
1366 1012 1438 1094 plus

208 1119 284 1182 mihi
316 1122 457 1182 nocitura
493 1129 541 1181 est
574 1121 618 1181 ira
648 1139 745 1201 quam
778 1120 894 1187 iniuria.
948 1120 1055 1201 quidni
1086 1120 1172 1201 plus?
1211 1120 1289 1183 illius
1321 1121 1438 1183 modus

209 1235 312 1290 certus
335 1236 399 1289 est:
427 1228 486 1289 ista
509 1246 673 1308 quousque
697 1247 748 1288 me
771 1225 872 1288 latura
894 1227 934 1288 sit
958 1227 1087 1289 dubium
1112 1235 1168 1289 est.

299 1334 419 1397 XXVI.
456 1335 530 1396 Non
546 1353 686 1415 possum,
701 1333 810 1414 inquis,
826 1334 899 1415 pati.
925 1353 1021 1413 graue
1045 1342 1093 1395 est
1115 1334 1255 1398 iniuriam
1276 1336 1437 1420 sustinere.
1458 1345 1477 1396 1

171 1457 196 1497 ιο
212 1441 360 1504 mentiris.
398 1438 467 1522 quis
490 1443 573 1502 enim
604 1440 744 1502 iniuriam
776 1460 841 1501 non
863 1449 971 1521 potest
993 1438 1089 1516 serre,
1121 1443 1171 1522 qui
1204 1449 1312 1524 potest
1340 1443 1438 1506 iram?

209 1548 299 1610 adice
322 1568 405 1609 nunc
428 1549 516 1628 quod
539 1548 572 1609 id
595 1547 671 1628 agis,
695 1555 729 1608 ut
752 1555 785 1608 et
808 1548 886 1608 iram
909 1546 990 1609 seras
1014 1556 1046 1608 et
1069 1549 1219 1612 iniuriam.
1257 1567 1357 1629 quare
1377 1547 1439 1610 fers

208 1655 295 1734 aegri
326 1655 445 1716 rabiem
478 1663 510 1715 et
539 1653 712 1735 phrenetici
743 1653 858 1715 uerba?
909 1674 1078 1735 puerorum
1110 1663 1275 1735 proteruas
1306 1657 1449 1717 manusi'

209 1781 325 1842 nempe
348 1761 421 1842 quia
444 1762 588 1822 uidentur
612 1760 731 1821 nescire
754 1759 829 1841 quid
853 1758 984 1822 iaciant:
1011 1761 1086 1843 quid
1109 1763 1246 1835 interest,
1271 1781 1336 1843 quo
1354 1763 1437 1842 quis-

209 1887 271 1947 que
295 1869 372 1929 uitio
395 1867 451 1928 fiat
474 1867 661 1948 inprudens?
701 1867 918 1947 inprudentiae
940 1887 997 1948 par
1020 1868 1050 1928 in
1066 1867 1212 1929 omnibus
1228 1869 1438 1950 patrocinium

173 1993 195 2032 u
210 1982 266 2035 est.
312 1974 386 2055 quid
419 1977 516 2053 ergo?
548 1973 664 2054 inquis,
695 1974 809 2054 inpune
840 1972 880 2034 illi
911 1974 985 2034 erit?
1031 1984 1108 2056 puta
1137 1973 1218 2036 uelle
1248 1983 1298 2050 te,
1329 1984 1476 2038 tamen2

209 2101 273 2141 non
298 2081 362 2142 erit.
410 2081 551 2141 maxima
574 2089 622 2141 est
646 2081 728 2141 enim
753 2079 855 2142 iactae
876 2074 1001 2141 iniuriae
1016 2100 1121 2162 poena
1136 2080 1254 2159 secisse,
1278 2101 1339 2143 nec
1354 2083 1437 2162 quis-

210 2207 305 2268 quam
336 2187 460 2267 grauius
492 2186 636 2247 adficitur
666 2206 762 2267 quam
786 2187 839 2267 qui
867 2185 908 2248 ad
932 2185 1117 2268 supplicium
1141 2189 1352 2270 paenitentiae
1375 2197 1437 2251 tra·

210 2294 300 2355 ditur.
340 2293 453 2355 deinde
476 2294 518 2354 ad
535 2294 753 2355 condicionem
771 2314 876 2354 rerum
899 2293 1109 2356 humanarum
1131 2295 1364 2376 respiciendum
1381 2304 1440 2372 est,
1459 2304 1475 2357 3
1497 2336 1504 2347 ,

210 2408 245 2461 ut
268 2400 409 2461 omnium
441 2401 647 2461 accidentium
679 2401 770 2481 aequi
800 2401 918 2462 iudices
947 2402 1050 2462 simus.
1097 2401 1219 2483 iniquus
1249 2412 1357 2464 autem
1381 2411 1440 2479 est,

171 2532 196 2573 20
210 2506 263 2588 qui
287 2525 456 2567 commune
479 2507 588 2568 uitium
612 2507 739 2588 singulis
763 2507 879 2569 obicit:
905 2528 969 2568 non
994 2517 1042 2571 est
1066 2507 1237 2590 Aethiopis
1259 2511 1341 2572 inter
1364 2530 1441 2572 suos

210 2613 372 2694 insignitus
405 2612 508 2687 color,
540 2634 598 2675 nec
621 2613 705 2676 rusus
729 2615 819 2676 crinis
843 2623 875 2677 et
899 2623 1026 2678 coactus
1050 2615 1080 2676 in
1104 2616 1225 2677 nodum
1249 2616 1336 2698 apud
1361 2616 1442 2680 Ger·

211 2739 324 2782 manos
348 2721 447 2781 uimm
474 2721 615 2786 dedecet.
662 2720 736 2782 nihil
759 2722 789 2782 in
813 2742 877 2782 uno
901 2720 1051 2785 iudicabis
1072 2721 1212 2785 notabile
1228 2731 1282 2785 aut
1297 2721 1442 2800 foedum,

211 2826 296 2907 quod
322 2826 408 2907 genti
432 2846 507 2888 suae
529 2826 688 2908 publicum
713 2836 769 2890 est.
813 2837 845 2889 et
868 2829 927 2889 ista
950 2848 1031 2910 quae
1055 2828 1166 2904 rettuli,
1190 2831 1279 2891 unius
1302 2831 1443 2911 regionis

212 2941 307 3014 atque
330 2932 434 3014 anguli
458 2934 656 2996 consuetudo
680 2931 839 2996 defendit:
865 2928 938 2995 uide
960 2955 1052 3010 nunc,
1075 2944 1194 3017 quanto
1218 2936 1248 2996 in
1272 2936 1307 2997 iis
1331 2936 1445 2999 iustior
1484 2978 1487 2983 -

171 3066 197 3107 n
212 3039 303 3100 uenia
330 3040 386 3114 sit,
418 3060 499 3121 quae
521 3061 578 3121 per
601 3048 704 3102 totum
729 3060 828 3120 genus
850 3040 1024 3119 humanum
1048 3041 1178 3122 uolgata
1200 3051 1280 3104 sunt.
1327 3053 1481 3107 omnesi

211 3144 377 3208 inconsulti
407 3156 439 3209 et
470 3148 625 3228 inprouidi
655 3167 780 3222 sumus,
811 3167 923 3209 omnes
952 3148 1075 3224 incerti,
1107 3148 1241 3232 queruli,
1273 3150 1444 3212 ambitiosi.

212 3251 287 3333 quid
302 3251 470 3314 lenioribus
486 3253 590 3315 uerbis
606 3253 692 3330 ulcus
707 3252 868 3335 publicum
884 3250 1070 3317 abscondo?
1095 3275 1207 3317 omnes
1223 3254 1297 3318 mali
1312 3277 1440 3320 sumus:

213 3359 365 3439 quidquid
395 3359 500 3442 itaque
528 3360 558 3421 in
582 3360 642 3422 alio
666 3358 917 3441 reprehenditur,
948 3362 980 3423 id
1003 3362 1215 3443 unusquisque
1237 3362 1268 3424 in
1291 3383 1351 3425 suo
1375 3364 1445 3426 sinu

213 3465 359 3527 inueniet.
398 3467 473 3547 quid
497 3462 574 3529 illius
596 3466 760 3549 pallorem,
783 3467 861 3529 illius
885 3469 1018 3530 maciem
1041 3471 1155 3530 notas?
1191 3468 1370 3549 pestilentia
1385 3445 1469 3533 est.⁸

174 3604 199 3640 :n
213 3570 400 3652 placidiores
429 3574 534 3657 itaque
562 3575 693 3636 inuicem
717 3575 848 3637 simus’r
868 3573 941 3636 mali
964 3576 1044 3636 inter
1068 3574 1169 3637 malos
1192 3575 1333 3638 uiuimus
1381 3598 1445 3640 una

214 3698 274 3738 nos
298 3698 347 3740 res
370 3678 472 3741 lacere
495 3681 619 3763 quietos
641 3685 756 3762 potest,
781 3689 910 3742 mutuae
925 3681 1078 3744 facilitatis
1094 3683 1272 3744 conuentio
1312 3681 1364 3746 ille
1379 3646 1488 3749 iam⁶5

570 3882 579 3913 t

302 3945 312 3995 l
336 3901 419 4008 iiiritus
513 3931 581 4012 Qud
676 3946 691 3997 :i
712 3948 799 4010 posui*
907 3948 1095 4012 quodammodo
1114 3946 1334 4017 aucloreLt'pst'o
1348 3947 1443 4004 Koch:

212 4053 321 4115 quodam
413 4052 428 4102 ἰ)
448 4045 528 4100 minor
547 4069 572 4102 es
592 4053 665 4117 (ante
684 4070 709 4102 es
731 4053 801 4119 ras.)
894 4054 926 4106 12
946 4057 998 4119 egri
1022 4051 1095 4121 (urile
1114 4072 1127 4103 e
1146 4055 1214 4120 νας.)
1307 4054 1340 4106 ’14
1360 4058 1445 4122 inpru-

213 4139 309 4189 dentiae
334 4137 497 4193 Pincianus:
526 4143 682 4206 inprudentia
786 4142 818 4194 15
838 4150 897 4207 puta
918 4143 980 4192 uelle
999 4153 1022 4193 te
1041 4145 1091 4192 tam
1117 4145 1152 4209 (te
1171 4147 1221 4192 tar'n'
1240 4144 1267 4195 in
1286 4144 1355 4210 ras.)
1382 4143 1442 4199 cod.

213 4271 272 4326 puta
290 4271 314 4314 te
334 4267 396 4315 uelle
414 4262 496 4336 rrnlqo
588 4265 621 4318 16
640 4283 704 4330 pena
796 4267 829 4320 lii
848 4283 928 4317 sumus
949 4267 1031 4334 (corr.
1051 4265 1078 4318 in
1097 4269 1182 4333 simus)
1274 4233 1371 4336 iniqugs

213 4352 247 4403 20
272 4355 350 4402 obicit
368 4352 461 4407 Koch:
490 4355 583 4404 obiecit
685 4355 718 4407 22
743 4356 826 4418 sedum
930 4355 963 4409 27
989 4356 1122 4405 lenioribus
1140 4352 1281 4408 Muretus:
1308 4358 1444 4409 leuioribus

302 4441 335 4494 29
351 4444 460 4497 ‚maciem
480 4442 577 4511 rtrilqo:
600 4445 678 4492 aciem
771 4443 806 4497 30
824 4445 899 4493 simus
919 4442 1015 4514 sculpo:
1037 4460 1119 4494 sumus
