3046 5092
182 329 185 332 ⁴
247 354 311 414 220
419 347 499 391 mnu.
514 348 554 390 1x.
583 348 625 388 AD
641 347 782 388 SERENVM
797 346 837 387 DE
850 345 1118 397 TRANQVILLlTATE
1132 345 1230 390 ANIMI.
1261 349 1291 390 l'l.

246 501 345 555 tatem
370 494 567 568 ueniendum,
590 514 655 554 non
679 501 713 554 ut
737 500 860 574 mergat
881 512 949 567 nos,
973 494 1079 554 sed'ut
1094 492 1259 573 deprimat.
1298 490 1373 553 eluit
1390 491 1475 552 enim

246 620 336 661 curas
359 608 392 661 et
414 599 455 661 ab
471 600 536 661 imo
553 599 691 660 animum
708 608 818 662 mouet
834 608 866 660 et
881 607 916 660 ut
932 583 1050 660 morbis
1066 597 1256 679 quibusdam
1272 598 1315 659 ita
1331 594 1477 659 tristitiae

247 707 401 768 medetur.
448 705 607 786 Liberque
636 725 700 766 non
733 704 776 766 ob
799 704 957 766 licentiam
980 703 1106 785 linguae
1129 705 1231 766 dictus
1254 712 1303 766 est
1326 705 1475 765 inuentor

247 811 317 887 uini,
340 812 397 873 sed
421 811 494 892 quia
517 808 628 872 liberat
651 811 777 873 seruitio
801 831 945 872 curarum
969 811 1108 872 animum
1133 820 1165 872 et
1188 811 1305 873 adserit
1329 817 1474 890 uegetat-

207 935 220 973 5
247 938 309 999 que
340 926 372 979 et
403 916 603 979 audaciorem
636 918 669 992 in¹
696 937 808 979 omnes
832 926 964 979 conatus
987 916 1068 979 facit.
1115 917 1173 978 sed
1196 925 1231 978 ut
1253 914 1409 978 libertatis
1431 916 1507 982 ita9

246 1007 309 1084 uini
344 1023 475 1086 salubris
507 1025 683 1085 moderatio
715 1033 781 1086 est.¹
831 1021 984 1085 Solonem
1017 1023 1277 1103 Arcesilaumque
1299 1020 1474 1083 indulsisse

206 1114 207 1117 Ἴ
246 1131 319 1192 uino
351 1131 490 1192 credunt.
538 1110 651 1192 Catoni
674 1129 809 1192 ebrietas
833 1129 959 1193 obiecta
982 1139 1038 1191 est.
1084 1127 1203 1192 facilius
1226 1127 1358 1203 efficiet,
1390 1128 1473 1209 quis-

247 1238 316 1319 quis
345 1236 462 1299 obiecit
493 1236 536 1318 ei,
568 1237 686 1298 crimen
716 1235 886 1299 honestum
918 1256 1013 1317 quam
1044 1244 1171 1318 turpem
1203 1234 1370 1298 Catonem.
1418 1235 1473 1296 sed

247 1364 305 1406 nec
327 1363 424 1424 saepe
446 1342 623 1405 faciendum
647 1351 711 1418 est,
735 1363 776 1404 ne
799 1343 920 1404 animus
944 1340 1060 1404 malam
1084 1341 1346 1404 consuetudinem
1371 1342 1473 1415 ducat,

208 1465 232 1504 ¹⁰
248 1459 280 1513 et
314 1449 482 1530 aliquando
517 1458 624 1512 tamen
655 1450 696 1531 in
723 1447 951 1510 exultationem
982 1447 1224 1529 libertatemque
1256 1446 1472 1510 extrahendus

246 1556 404 1637 tristisque
427 1556 581 1618 sobrietas
604 1557 801 1618 remouenda
823 1555 987 1637 paulisper.
1033 1575 1108 1618 nam
1131 1555 1197 1617 siue
1213 1554 1339 1618 Graeco
1355 1562 1470 1637 poetae
1491 1569 1513 1622 10

248 1663 420 1725 credimus:
462 1661 631 1743 aliquando
670 1670 703 1724 et
740 1662 872 1724 insanire
910 1661 1079 1724 iucundum
1120 1670 1184 1737 est,
1222 1662 1289 1723 siue
1328 1660 1469 1723 Platoni:

247 1768 360 1832 frustra
382 1769 523 1851 poeticas
546 1766 630 1830 iores
653 1757 789 1850 conposv
805 1769 851 1830 sui
882 1766 1017 1850 pepulit,
1048 1770 1114 1830 siue
1137 1766 1322 1830 Aristoteli:
1354 1765 1472 1829 nullum

173 1926 182 1938 ,
248 1895 398 1956 magnum
422 1873 580 1955 ingenium
603 1875 670 1935 sine
694 1875 832 1936 mixtura
854 1874 1033 1936 dementiae
1053 1873 1116 1936 fuit.
1148 1894 1213 1935 non
1229 1880 1338 1956 potest
1353 1872 1472 1953 grande

211 1997 233 2034 ¹⁵
248 1981 363 2062 aliquid
395 1989 427 2042 et
456 2000 550 2061 super
581 1988 704 2042 ceteros
735 1979 819 2061 loqui
842 1981 899 2042 nisi
923 1989 1012 2042 mota
1035 2001 1133 2042 mens
1179 1999 1251 2041 cum
1275 1976 1418 2059 uolgaria
1441 1985 1472 2040 et
1488 1993 1512 2044 11

247 2087 340 2150 solita
363 2088 555 2175 contempsit
578 2086 785 2167 instinctuque
808 2107 899 2148 sacro
915 2087 1050 2148 surrexit
1066 2085 1229 2161 excelsior,
1252 2094 1329 2147 tunc
1343 2083 1472 2147 demum

247 2192 362 2275 aliquid
386 2193 497 2255 cecinit
519 2193 668 2272 grandius
690 2208 748 2253 ore
772 2192 905 2255 mortali.
952 2213 1017 2256 non
1032 2201 1141 2275 potest
1156 2190 1290 2253 sublime
1306 2191 1472 2277 quicquam

249 2309 280 2361 et
303 2301 333 2360 in
357 2300 457 2361 arduo
481 2299 619 2381 positum
644 2299 844 2379 contingere,
876 2299 1027 2380 quamdiu
1051 2299 1135 2378 apud
1158 2319 1193 2359 se
1217 2307 1284 2360 est:
1320 2297 1473 2359 desciscat

248 2414 377 2487 oportet
397 2425 416 2466 a
439 2404 532 2467 solito
556 2413 588 2465 et
612 2404 758 2466 efferatur
781 2414 814 2467 et
837 2406 984 2467 mordeat
1007 2403 1113 2490 frenos
1136 2412 1169 2465 et
1192 2413 1348 2466 rectorem
1373 2403 1473 2484 rapiat

212 2524 340 2574 2⁰suum
364 2531 467 2591 eoque
490 2508 577 2584 ferat,
602 2531 666 2591 quo
689 2531 747 2592 per
770 2532 804 2573 se
827 2512 981 2573 timuisset
1004 2511 1184 2573 escendere.

336 2616 462 2692 Habes,
494 2616 612 2679 Serene
643 2617 817 2693 carissime,
848 2637 930 2698 quae
960 2617 1082 2699 possint
1104 2614 1363 2696 tranquillitatem
1388 2616 1472 2691 tueri,
1492 2627 1514 2681 12

247 2745 328 2806 quae
358 2724 538 2798 restituere,
570 2742 651 2802 quae
682 2723 924 2806 subrepentibus
956 2723 1036 2785 uitiis
1064 2723 1228 2784 resistant:
1263 2720 1338 2784 illud
1367 2730 1473 2784 tamen

248 2831 343 2906 scit0,
375 2828 449 2891 nihil
480 2828 595 2891 horum
619 2829 694 2891 satis
718 2850 788 2890 esse
811 2829 950 2891 ualidum
974 2850 1041 2891 rem
1065 2828 1241 2890 inbecillam
1265 2828 1473 2902 seruantibus,

246 2937 303 2999 nisi
326 2938 447 3001 intenta
470 2945 502 2998 et
525 2936 657 2998 adsidua
680 2957 754 2998 cura
778 2936 919 2998 circumit
941 2935 1081 2997 animum
1104 2934 1276 2999 labentem.
1337 2948 1340 2952 ⁴

248 3166 394 3218 binomnis
506 3166 625 3215 libertatis
643 3162 741 3235 uulgo:
762 3165 861 3216 libertas
950 3164 1083 3217 7efficiet
1100 3164 1208 3229 quisquis
1226 3164 1319 3214 obiecit
1339 3165 1362 3214 ei
1381 3161 1470 3218 Koch:

247 3255 311 3304 effici
330 3259 354 3303 et
373 3254 410 3320 (in
422 3253 553 3323 ‘marqirte
571 3269 605 3305 m.
625 3254 641 3307 2
660 3271 720 3320 qsqs
738 3255 830 3304 obiecit
849 3252 882 3321 et)
975 3253 1008 3306 10
1027 3253 1162 3319 aliquindo
1181 3252 1215 3322 dp
1234 3258 1318 3302 tamen
1337 3253 1381 3317 (m.
1402 3268 1472 3317 corr.

248 3340 348 3396 deleuit
360 3341 373 3354 ”
386 3347 412 3395 et
430 3339 539 3394 addidit
557 3343 608 3391 ndo
627 3342 654 3395 in
670 3342 727 3411 fine
745 3357 857 3400 uersum
884 3340 979 3395 eadem
998 3343 1031 3392 do
1050 3341 1078 3394 in
1097 3344 1214 3403 duramen
1228 3340 1342 3411 punctis
1360 3339 1472 3406 notauit)

341 3431 546 3495 libertatemque
642 3431 676 3483 13
701 3447 806 3495 compos
897 3429 929 3482 16
955 3431 1116 3494 instinctuque
1135 3428 1299 3484 deteriores:
1320 3430 1471 3495 instinctusq;

343 3518 376 3571 17
400 3518 517 3583 grandius
536 3534 579 3568 ore
598 3520 724 3588 (practer
742 3535 804 3584 gran
822 3517 849 3571 in
868 3516 938 3585 ras.)
1030 3517 1063 3570 18
1083 3525 1141 3584 aput
1161 3520 1181 3583 (t
1198 3516 1226 3570 in
1245 3519 1262 3568 d
1281 3517 1367 3584 corr.)

248 3606 283 3658 20
301 3623 350 3671 quo
363 3604 529 3660 deteriores:
549 3608 617 3671 quod
707 3607 740 3660 21
759 3608 888 3663 karissime
