3046 5092
237 334 302 396 206
400 327 480 370 nint.
495 327 535 372 IX.
562 328 605 370 AD
620 325 762 367 SERENVM
773 324 817 367 Du
830 325 1097 379 TRANQVILLITATE
1109 326 1209 372 ANIMI.
1237 330 1258 371 8.
1273 329 1295 372 9.

237 494 307 536 esse
330 473 506 535 debuerant
529 474 594 534 duo
614 473 717 534 uicarii
738 480 770 534 et
786 471 865 534 cella
878 471 989 536 laxior.
1027 480 1060 534 at
1075 468 1213 553 Diogeni
1227 494 1338 538 seruus
1353 477 1460 539 unicus
1477 485 1492 540 7

237 579 314 660 sugit
344 600 403 641 nec
429 599 503 641 eum
526 579 691 653 reducere,
722 598 794 639 cum
818 586 1062 653 monstraretur,
1092 580 1171 642 tanti
1193 582 1324 661 putauit
1369 591 1461 664 turpe

231 679 295 760 est,
318 685 424 766 inquit,
449 684 567 746 Manen
589 685 656 745 sine
671 684 817 763 Diogene
840 703 935 764 posse
958 684 1071 759 uiuere,
1095 685 1263 765 Diogenen
1283 687 1351 750 sine
1365 687 1463 750 Mane

238 813 302 854 non
333 811 437 874 posse.
467 790 607 879 *uidetur
637 788 713 850 mihi
743 791 879 852 dixisse:
913 810 974 870 age
1004 799 1092 852 tuum
1122 793 1303 872 negotium,
1327 792 1462 856 fortuna.

212 897 312 959 anihil
343 897 427 979 apud
449 896 617 976 Diogenen
646 897 708 957 iam
736 897 780 958 tui
803 905 860 959 est.
906 895 984 976 fugit
1009 896 1084 957 mihi
1098 907 1230 973 seruus,
1260 899 1361 961 immo
1385 899 1464 962 liber

239 1003 322 1065 abiit.
368 1001 483 1064 familia
505 1003 584 1083 petit
606 1002 785 1063 uestiarium
808 1003 988 1083 uictumque
1042 1011 1093 1064 tot
1116 1012 1241 1066 uentres
1264 1005 1498 1068 auidissimo-8

238 1130 308 1171 rum
331 1108 511 1171 animalium
534 1109 643 1169 tuendi
665 1115 745 1168 sunt.
792 1108 928 1169 emenda
949 1109 1045 1170 uestis
1068 1118 1099 1171 et
1122 1110 1350 1174 custodiendae
1373 1131 1464 1193 rapa-

239 1217 382 1278 cissimae
411 1233 522 1276 manus
552 1221 585 1274 et
615 1212 756 1274 flentium
789 1215 1076 1296 detestantiumque
1103 1215 1278 1277 ministeriis
1301 1219 1466 1283 utendum.

240 1330 358 1402 quanto
390 1318 440 1381 ille
463 1319 597 1392 felicior,
628 1319 681 1399 qui
704 1317 778 1381 nihil
801 1316 852 1379 ulli
875 1318 988 1391 debet,
1019 1320 1077 1380 nisi
1099 1319 1344 1404 quoifacillim
1366 1332 1466 1402 negat

202 1447 226 1486 u
240 1426 316 1489 sibi!
349 1425 406 1487 sed
429 1425 578 1505 quoniam
601 1443 666 1484 non
690 1431 738 1485 est
761 1423 854 1484 nobis
869 1432 992 1486 tantum
1007 1425 1364 1506 roboris,·angustanda
1381 1435 1466 1490 certe
1485 1435 1500 1488 9

240 1538 312 1593 su'nt
348 1531 550 1613 patrimonia,
586 1537 621 1589 ut
656 1530 757 1590 minus
788 1531 830 1590 ad
861 1529 983 1596 iniurias
1014 1528 1158 1593 fortunae
1188 1532 1286 1593 simus
1318 1534 1466 1616 expositi.

195 1620 198 1627 ¹
239 1637 393 1699 habiliora
414 1645 488 1698 sunt
511 1655 647 1715 corpora
669 1637 700 1696 in
719 1633 813 1708 bella,
836 1654 917 1715 quae
938 1638 968 1697 in
985 1656 1073 1698 arma
1088 1656 1145 1698 sua
1161 1636 1305 1699 contrahi
1321 1648 1466 1719 possunt,

240 1765 336 1826 quam
367 1763 448 1824 quae
478 1740 744 1822 superfunduntur
775 1749 808 1803 et
831 1743 969 1821 undique
993 1742 1181 1822 magnitudo
1204 1762 1261 1805 sua
1283 1743 1467 1808 uolneribus

241 1850 356 1912 obicit:
392 1852 531 1930 optimus
554 1849 706 1928 pecuniae
730 1847 846 1908 modus
862 1856 919 1922 est,
943 1849 996 1928 qui
1012 1867 1070 1908 nec
1085 1850 1117 1908 in
1132 1859 1355 1928 paupertatem
1372 1853 1466 1926 cadit,

140 1938 142 1941 ¹
205 1979 227 2015 n
242 1977 300 2018 nec
322 1955 433 2036 procul
455 1976 475 2017 a
497 1962 685 2034 paupertate
710 1953 850 2047 discedit.
1366 2016 1394 2030 ,Ι

331 2061 385 2123 ΙΧ.
420 2059 562 2122 Placebit
589 2069 696 2121 autem
719 2059 799 2120 haec
821 2059 914 2120 nobis
938 2079 1093 2133 mensura,
1116 2061 1142 2121 si
1164 2063 1249 2140 prius
1272 2065 1467 2141 parsimonia
1485 2073 1495 2122 l

241 2168 409 2249 placuerit,
439 2169 505 2228 sine
535 2186 597 2247 qua
627 2185 687 2226 nec
709 2163 789 2227 ullae
812 2184 891 2245 opes
914 2163 1085 2238 sufficiunt,
1116 2186 1175 2228 nec
1197 2166 1278 2229 ullae
1301 2189 1367 2230 non
1390 2172 1467 2232 satis
1507 2167 1511 2174 ’

242 2282 369 2354 patent,
405 2275 591 2353 praesertim
628 2291 699 2332 cum
729 2273 761 2333 in
792 2273 895 2333 uicino
924 2273 1099 2335 remedium
1130 2274 1172 2335 sit
1202 2281 1236 2335 et
1265 2276 1370 2354 possit
1399 2277 1467 2357 ipsa

242 2389 413 2461 paupertas
427 2381 459 2441 in
475 2381 598 2440 diuitias
613 2398 648 2439 se
664 2379 823 2440 aduocata
834 2377 1012 2458 frugalitate
1022 2388 1215 2442 conuertere.
1240 2380 1464 2444 adsuescamus
1481 2389 1495 2440 2

203 2506 262 2553 rna
284 2487 375 2547 nobis
399 2504 563 2547 remouere
585 2504 749 2564 pompam,
772 2493 805 2546 et
828 2505 901 2545 usus
924 2471 1035 2558 rerum,
1058 2506 1124 2547 non
1147 2496 1335 2550 ornamenta
1355 2491 1465 2552 metiri.

243 2592 331 2654 cibus
361 2590 479 2653 famem
510 2590 637 2664 domet,
669 2592 761 2669 potio
792 2591 894 2663 sitim,
925 2589 1024 2651 libido
1054 2611 1117 2670 qua
1146 2611 1276 2653 necesse
1307 2601 1359 2655 est
1383 2593 1465 2657 fluat.

243 2702 402 2761 discamus
430 2697 582 2759 membris
609 2698 725 2758 nostris
748 2698 852 2770 inniti,
883 2696 1002 2758 cultum
1025 2699 1208 2779 uictumque
1230 2717 1294 2760 non
1318 2701 1360 2761 ad
1385 2719 1466 2762 noua

244 2803 392 2886 exempla
422 2823 620 2884 conponere,
651 2805 709 2864 sed
740 2811 775 2865 ut
805 2804 961 2864 maiorum
990 2823 1095 2864 mores
1118 2805 1262 2867 suadent.
1308 2807 1466 2868 discamus

244 2899 470 2974 continentiam
494 2928 627 2989 augere,
658 2907 814 2970 luxuriam
838 2929 999 2983 coercere,
1030 2909 1165 2989 gloriam
1188 2919 1386 2991 temperare,
1410 2915 1464 2974 ira-

204 3037 229 3076 25
245 3018 390 3079 cundiam
413 3015 525 3089 lenire,
554 3024 776 3095 paupertatem
800 3018 907 3095 aequis
931 3015 1029 3076 oculis
1053 3018 1232 3096 adspicere,
1255 3016 1465 3098 frugalitatem

245 3122 363 3197 colere,
395 3123 517 3184 etiamsi
548 3120 665 3182 multos
695 3121 829 3201 pudebit
852 3123 918 3183 eius
941 3121 1058 3196 cultuS,
1090 3121 1252 3184 desideriis
1275 3124 1466 3187 naturalibus

246 3386 259 3438 1
287 3391 312 3434 at
330 3370 354 3454 (f
368 3384 452 3450 corr.)
560 3387 669 3450 Diogeni
688 3383 783 3455 uulgo:
806 3387 927 3451 diogenen
1036 3385 1051 3440 3
1076 3386 1138 3452 inqd
1239 3386 1331 3438 Manen
1349 3393 1377 3442 ef
1395 3389 1467 3438 Mane

245 3473 336 3527 nescio
360 3474 434 3542 quis:
462 3475 562 3550 matheo
587 3481 613 3526 et
637 3474 721 3524 mathe
846 3472 862 3554 4
886 3490 933 3539 age
955 3479 1022 3524 tuum
1041 3476 1181 3548 negotium,
1207 3476 1304 3526 fortuna
1323 3474 1363 3544 (t‘n
1382 3492 1466 3546 marg.

246 3595 280 3635 m.
294 3581 325 3632 3:
346 3586 372 3629 ut
389 3580 435 3629 uiri
453 3580 550 3636 uxorib;
568 3579 658 3651 ‘libellfl
677 3563 773 3645 repudii
790 3581 937 3630 remittentes
956 3566 1040 3632 scribi
1059 3597 1107 3646 age
1119 3581 1186 3632 habe
1198 3582 1244 3632 tibi
1256 3583 1344 3634 mulier
1355 3598 1395 3634 res
1407 3582 1466 3647 tuas)

335 3669 574 3808 opffilhlsnprascr.
588 3754 622 3791 m.
635 3739 700 3803 reo.)
783 3720 847 3809 post
862 3756 943 3790 seruus
958 3755 1013 3810 pro
1031 3740 1109 3810 siquo
1127 3740 1350 3812 irrterroqotr'onr's
1368 3756 1468 3795 commo

245 3827 336 3896 posuit
352 3825 433 3880 Gertz
518 3828 599 3880 (iabit
612 3826 705 3895 (corr.)
789 3829 906 3880 uestiariu
919 3829 985 3894 (ario
999 3828 1026 3880 in
1040 3828 1107 3895 ras.)
1192 3828 1405 3896 8detestatiumq;

247 3967 263 4020 9
282 3970 320 4018 cui
339 3966 478 4021 Muretus:
499 3915 516 4034 ll
535 3971 562 4034 (d
575 3966 685 4020 uidetur
694 3967 784 4037 furiae
797 3972 823 4032 ο)
915 3971 946 4022 11
966 3975 991 4020 ut
1010 3970 1082 4039 (onte
1099 3950 1124 4019 ut
1143 3986 1245 4025 rasura
1263 3971 1343 4025 undis
1355 3969 1467 4038 literae)

336 4056 369 4108 12
389 4057 414 4105 in
432 4057 498 4107 bella
517 4048 678 4110 l'in'ct'anus:
700 4058 815 4106 inbecillo
835 4059 861 4123 (o
879 4057 906 4109 in
919 4059 986 4125 ras.)
1077 4057 1109 4110 ‘13
1129 4060 1248 4118 uulnerib3
1343 4059 1377 4113 14
1395 4062 1468 4111 obicit

208 4133 212 4141 Ν
249 4141 343 4198 Gertz:
364 4146 456 4194 obiecit
547 4145 580 4198 17
598 4146 646 4194 ulle
736 4144 769 4197 23
789 4153 916 4210 coponere
1005 4145 1039 4199 24
1056 4147 1163 4212 gloriam
1177 4145 1344 4201 Homerum
1358 4147 1467 4202 detorto

246 4231 324 4284 ribus
348 4231 525 4301 quibusdam:
552 4234 622 4298 giam
646 4232 676 4285 id
700 4242 740 4286 est
763 4236 885 4308 gloriam,
907 4240 937 4286 ut
961 4250 1052 4304 sonae,
1076 4233 1136 4291 cod.
1156 4237 1240 4302 gulam
1264 4235 1348 4306 uulqo

247 4320 281 4372 25
306 4323 416 4386 aspicere
522 4320 556 4374 2ss
580 4323 675 4371 etiamsi
699 4323 789 4371 multos
807 4323 908 4386 pudebit
927 4325 978 4372 eius
996 4324 1072 4373 cultus
1091 4321 1168 4377 Koch
1187 4323 1236 4392 (cf.
1256 4323 1290 4377 de
1309 4332 1393 4380 const.
1412 4341 1466 4394 sap.

250 4412 325 4470 17,r
351 4411 485 4474 sapientiae
503 4411 587 4476 cultu),
611 4411 707 4459 etiamsi
727 4409 816 4460 multos
835 4411 936 4474 pudebit
956 4412 1040 4476 templi
1059 4412 1109 4462 eius
1128 4409 1257 4484 Muduiqt
1285 4415 1336 4465 eris
1353 4416 1374 4464 si
1393 4414 1466 4463 mulos
