3060 5078
220 316 260 376 54
376 326 379 331 ·
614 312 694 355 DlAL.
710 312 749 355 lll.
778 313 818 353 DE
832 313 885 354 IRA
900 313 955 357 LIB.
970 315 988 356 1.
1004 318 1037 357 20.

220 464 359 537 gemunt.
406 458 450 518 ita
472 455 696 519 ira‘muliebre'
715 459 855 521 maxime
882 479 920 520 ac
950 459 1069 541 puerile
1092 461 1200 522 uitium
1232 469 1289 523 est.
1335 471 1369 523 at
1400 463 1443 523 in·

219 564 294 624 cidit
324 572 357 624 et
388 563 419 624 in
446 564 537 624 uiros
585 584 659 625 nam
690 565 761 626 uiris
792 586 919 645 quoque
949 564 1078 647 puerilia
1109 586 1161 650 ac,
1177 567 1342 629 muliebria
1374 578 1445 630 sunt
1509 552 1518 558 ⁸

218 669 351 750 ingenia.
390 670 466 751 quid
496 667 597 750 ergo?
628 691 692 732 non
715 670 837 751 aliquae
865 691 960 732 uoces
984 671 1025 733 ab
1049 673 1132 734 iratis
1156 675 1342 735 emittuntur
1364 694 1444 755 quae
1462 696 1500 748 4

116 762 119 767 ¹
220 797 339 857 magno
364 777 496 839 emissae
512 777 677 839 uideantur
700 774 828 839 animo?
851 778 950 839 immo
966 798 1074 841 ueram
1090 779 1306 859 ignorantibus
1323 781 1444 861 magni-

192 885 369 945 studinem.
415 881 513 963 qualis
536 881 587 943 illa
610 884 677 945 dira
700 892 732 944 et
760 883 993 945 abominanda:
1027 885 1168 961 oderint,
1193 886 1269 948 dum
1294 891 1446 948 metuant.

219 987 350 1052 Sullano
373 989 453 1050 scias
475 987 602 1050 saeculo
625 989 782 1071 scriptam.
820 991 926 1051 nescio
949 999 1054 1053 utrum
1078 991 1136 1053 sibi
1167 992 1255 1074 peius
1277 995 1446 1073 optauerit,

219 1103 254 1156 ut
285 1097 361 1157 odio
392 1102 492 1169 esset,
516 1115 555 1156 an
587 1105 621 1157 ut
647 1097 761 1158 timori.
807 1097 948 1187 oderint,
986 1097 1121 1159 occurrit
1151 1097 1192 1158 illi
1229 1098 1385 1175 futurum,
1412 1108 1447 1161 ut

219 1210 415 1277 execrentur,
439 1201 627 1277 insidientur,
645 1202 834 1284 opprimant
880 1203 955 1282 quid
971 1203 1087 1265 adicit?
1109 1204 1140 1265 di
1156 1203 1198 1265 illi
1213 1205 1295 1266 male
1310 1204 1444 1267 faciant:

220 1310 302 1370 adeo
341 1309 476 1390 repperit
514 1308 662 1388 dignum
684 1309 759 1370 odio
798 1309 983 1371 remedium.
1044 1310 1185 1375 oderint:
1226 1311 1322 1391 quid?
1369 1311 1448 1374 dum

180 1434 205 1474 10
219 1417 369 1496 pareant?
405 1435 477 1475 non.
531 1413 607 1476 dum
637 1414 794 1496 probent?
826 1435 899 1477 non.
950 1416 1026 1496 quid
1059 1419 1158 1496 ergo?
1197 1417 1274 1478 dum
1304 1417 1448 1480 timeant

218 1521 263 1599 sic
285 1541 325 1581 ne
348 1521 446 1583 amari
473 1521 602 1601 quidem
633 1519 756 1582 uellem.
807 1541 925 1601 magno
957 1521 1020 1583 hoc
1048 1522 1166 1585 dictum
1197 1522 1306 1606 spiritu
1335 1527 1483 1605 putasi5

198 1610 339 1689 'falleris
386 1647 444 1688 nec
475 1629 558 1690 enim
589 1628 774 1708 magnitudo
805 1629 863 1689 ista
894 1636 957 1701 est,
994 1631 1050 1690 sed
1080 1613 1254 1693 inmanitas.
1301 1650 1366 1691 non
1400 1638 1450 1692 est

218 1735 305 1813 quod
334 1735 445 1796 credas
468 1735 666 1796 irascentium
689 1732 801 1807 uerbis,
825 1754 960 1814 quorum
985 1734 1131 1816 strepitus
1155 1735 1275 1816 magni,
1306 1737 1451 1798 minaces

218 1850 298 1914 sunt,
321 1841 403 1903 intra
425 1861 514 1903 mens
538 1841 748 1921 pauidissima.
794 1860 853 1901 nec
877 1848 925 1901 est
948 1839 1035 1920 quod
1056 1840 1218 1902 existimes
1240 1862 1350 1904 uerum
1368 1863 1451 1918 esse,
1472 1862 1489 1916 6

181 1966 203 2006 u
218 1947 305 2027 quod
321 1947 406 2026 apud
426 1947 662 2009 disertissimum
678 1946 778 2008 uirum
794 1945 831 2007 T.
848 1945 972 2007 Liuium
989 1947 1099 2008 dicitur
1115 1947 1170 2007 uir
1189 1947 1313 2027 ingenii
1333 1950 1456 2029 magni

218 2053 327 2132 magis
355 2073 453 2132 quara
477 2052 557 2114 boni.
604 2074 669 2114 non
691 2061 799 2134 potest
822 2053 906 2113 istud
929 2054 1084 2134 separari:
1111 2064 1165 2115 aut
1188 2062 1220 2115 et
1242 2053 1365 2116 bonum
1392 2057 1453 2118 erit

219 2168 274 2221 aut
297 2179 356 2220 nec
379 2178 540 2238 magnum,
563 2160 635 2239 quia
658 2157 916 2239 magnitudinem
932 2158 1025 2219 animi
1056 2160 1272 2222 inconcussam
1295 2160 1453 2244 intellego

219 2275 251 2327 et
274 2267 426 2326 introrsus
456 2264 590 2327 solidam
622 2273 654 2326 et
685 2264 726 2326 ab
755 2265 819 2325 imo
850 2284 961 2345 parem
993 2263 1193 2346 firmamque,
1223 2266 1322 2347 qualis
1344 2267 1455 2330 inesse

142 2437 143 2440 Ἴ
220 2366 309 2433 malis
331 2371 461 2452 in'geniis
484 2391 549 2432 non
579 2379 695 2453 potest.
741 2354 891 2432 terribilia
922 2371 1004 2432 enim
1036 2391 1106 2432 esse
1138 2381 1170 2433 et
1197 2371 1396 2436 tumultuosa
1420 2382 1493 2437 et?

179 2497 206 2536 ro
220 2479 355 2540 exitiosa
377 2487 528 2559 possunt:
556 2478 807 2560 magnitudinem
823 2477 961 2557 quidem,
984 2478 1069 2538 cuius
1086 2477 1319 2541 firmamentum
1335 2481 1453 2542 robur-

219 2606 281 2667 que
304 2584 429 2646 bonitas
454 2593 510 2658 est,
534 2603 599 2644 non
621 2582 795 2645 habebunt.
834 2592 975 2645 ceterum
991 2604 1148 2658 sermone,
1172 2593 1288 2646 conatu
1312 2593 1344 2646 et
1361 2589 1454 2649 omni

151 2747 155 2755 .
219 2700 312 2754 extra
333 2699 446 2774 paratu
469 2689 583 2751 facient
606 2690 830 2770 magnitudinis
853 2689 960 2752 fidem.
1001 2689 1188 2771 eloquentur
1211 2690 1334 2772 aliquid,
1359 2695 1454 2773 quod
1474 2702 1492 2756 8

218 2806 252 2860 tu
276 2799 382 2876 magni
405 2797 529 2880 spiritus
556 2805 664 2877 puteS,
695 2797 775 2857 sicut
808 2795 843 2858 C.
867 2795 999 2869 Caesar,
1032 2797 1084 2876 qui
1113 2797 1209 2858 iratus
1232 2796 1333 2872 cae10,
1358 2800 1453 2878 quod

220 2912 418 2987 opstreperet
441 2903 653 2984 pantomimis,
676 2922 757 2982 quos
780 2901 960 2963 imitabatur
977 2903 1145 2964 studiosius
1160 2923 1256 2982 quam
1271 2904 1453 2984 spectabat,

178 3029 204 3070 rs
219 3013 368 3092 quodque
385 2992 574 3071 comessatio
590 3029 647 3070 sua
662 3007 839 3069 fulminibus
863 3016 1040 3082 terreretur,
1063 3029 1192 3090 prorsus
1214 3029 1326 3090 parum
1342 3019 1453 3072 certus

218 3119 332 3180 mentis
356 3117 397 3178 ad
420 3115 702 3198 pugnam'uocauit
716 3115 826 3175 Iouem
844 3122 875 3175 et
891 3115 1020 3195 quidem
1036 3116 1102 3176 sine
1119 3116 1275 3201 missione,
1299 3115 1453 3179 Homeri-

179 3275 184 3291 .
219 3245 291 3285 cum
315 3222 400 3284 illum
424 3223 607 3283 exclamans
630 3240 765 3294 uersum,
1120 3220 1124 3228 '

640 3318 687 3375 Ἤ
700 3321 728 3393 μ’
749 3320 852 3397 ἀνάειρ’
875 3321 888 3387 ἢ
908 3321 962 3393 ἐγώ
982 3325 1020 3377 σέ.

218 3426 337 3497 quanta
360 3417 519 3478 dementia
534 3414 605 3476 luit!
636 3416 757 3496 putauit
787 3423 840 3475 aut
871 3416 928 3477 sibi
952 3415 1059 3477 noceri
1090 3436 1130 3477 ne
1153 3416 1195 3477 ab
1218 3416 1294 3478 loue
1317 3418 1491 3497 quidemtl

177 3541 204 3581 ³0
218 3543 314 3606 posse
337 3531 391 3584 aut
414 3543 448 3584 se
471 3541 586 3583 nocere
610 3522 704 3583 etiam
726 3521 793 3582 Ioui
815 3513 920 3602 posse.
968 3542 1032 3583 non
1056 3529 1134 3603 puto
1158 3542 1268 3604 parum
1292 3526 1454 3587 momenti

220 3699 233 3750 1
255 3707 278 3747 at
298 3698 318 3765 (t
336 3698 421 3764 corr.)
521 3697 538 3749 l
558 3689 738 3762 magn⁰emisse
758 3696 783 3761 (e
801 3695 828 3747 in
847 3695 914 3759 ras.)
1006 3698 1106 3746 animo?
1125 3698 1177 3746 imo
1194 3693 1323 3767 Madua'p:
1345 3701 1454 3749 animoa

299 3786 314 3838 (3
334 3787 428 3850 syllano
510 3787 578 3850 seclo
659 3787 727 3850 peius
747 3783 785 3850 (ia
805 3784 871 3850 ras.)
956 3765 1025 3849 ‘iq-d
1112 3786 1172 3849 quid
1191 3785 1258 3834 tum?
1280 3783 1364 3838 Gertz

219 3877 251 3929 11
271 3893 302 3925 ne
320 3874 380 3929 eod.
400 3874 509 3929 Barad:
531 3892 575 3924 nec
651 3871 727 3940 Conf.
744 3867 898 3927 ¹Gerlziam,
959 3873 1054 3940 spiritu]
1074 3880 1123 3937 spl'l
1196 3872 1229 3925 14
1248 3875 1378 3925 existemes

218 3965 251 4018 15
272 3967 338 4030 apud
362 3966 523 4015 disertissimo
547 3960 626 4012 dicitl‘
646 3961 696 4014 sed
720 3963 744 4010 ui
854 3962 898 4012 uin
923 3960 951 4013 ia
976 3976 1062 4030 aaarp.
1086 3977 1120 4014 m.
1145 3959 1192 4014 alt.
1213 3959 1338 4015 ductibus
1357 3978 1455 4032 paene

218 4052 350 4117 eaaar'dr's,
370 4053 396 4105 ia
416 4052 515 4122 quibas
533 4049 618 4104 latere
630 4049 739 4102 uidetur
758 4047 832 4117 qaod
843 4064 881 4102 ex
895 4046 1076 4102 deterioribus
1093 4048 1224 4119 aalpatar
1241 4051 1320 4099 uirum
1332 4053 1451 4110 Liuium;

215 4158 383 4212 praenomen
402 4145 433 4193 T.
453 4140 563 4194 addidit
583 4138 664 4193 Gertz
689 4138 737 4207 qai
763 4135 793 4189 id
816 4135 879 4190 daia
902 4139 1005 4190 romani
1028 4153 1135 4207 semper
1152 4135 1222 4191 addi
1239 4155 1256 4190 a
1276 4137 1384 4193 Seneca
1403 4140 1453 4194 od-

218 4231 342 4284 seraaait
443 4231 476 4283 23
496 4231 592 4295 spiritus
611 4226 720 4280 addidit
737 4224 822 4292 Koelr,
842 4229 918 4276 animi
937 4226 1054 4280 malebat
1074 4225 1156 4280 Gertz
1243 4225 1277 4280 24
1296 4230 1455 4294 obstreperet

219 4318 383 4373 deteriores:
399 4299 568 4384 obstrepereti
586 4320 653 4382 (ras.
664 4315 774 4384 planati)
892 4314 925 4367 25
945 4321 1023 4365 certus
1042 4317 1130 4365 mentis
1148 4312 1239 4367 Koch:
1261 4317 1333 4364 certis
1364 4332 1366 4337 ·

219 4407 253 4459 28
267 4402 314 4458 ”H
327 4402 355 4476 μ’
377 4403 478 4480 ἀνάειρ’
500 4403 514 4470 ἢ
534 4402 588 4475 ἐγώ
607 4405 638 4458 σέ
657 4403 796 4457 Muretus:
819 4400 1168 4456 ΗΜΑΝΑΡΕΝΕΓΩΟΕ.
