3046 5092
133 316 193 377 122
304 330 307 336 ·
360 310 438 352 DIAL.
454 310 491 353 VI.
520 310 562 351 Ao
577 311 721 354 MARCIAM
737 311 776 351 DE
791 311 1034 355 CONSOLATIONE.
1066 316 1084 355 l.
1098 314 1119 356 2.

95 467 103 486 ·
129 460 304 521 remedium
328 461 491 540 temporis,
515 462 603 541 quod
627 461 784 521 maximas
808 479 934 540 quoque
957 479 1123 521 aerumnas
1139 461 1303 540 conponit,
1327 462 1358 520 in

129 576 161 628 te
193 587 254 627 una
284 569 348 627 uim
386 587 475 628 suam
514 569 663 647 perdidit.
711 569 820 628 tertius
851 569 914 628 iam
945 568 1106 646 praeteriit
1137 587 1253 641 annus,
1287 573 1399 628 cum?

129 676 253 735 interim
277 672 351 735 nihil
374 695 417 735 ex
439 677 543 759 primo
567 673 619 736 illo
635 675 744 755 inpetu
761 673 881 736 cecidit.
921 684 1053 735 renouat
1068 683 1150 752 sest
1167 672 1360 735 corroborat

130 782 246 841 cotidie
276 779 377 842 luctus
409 790 441 844 et
472 784 534 843 iam
559 782 617 843 sibi
640 784 687 842 ius
712 801 802 843 mora
824 779 898 842 fecit
921 800 1023 860 eoque
1047 780 1203 842 adductus
1227 789 1294 856 est,
1326 790 1361 842 ut

103 897 220 967 aputet
244 897 335 968 turpe
358 888 508 950 desinere.
555 888 829 967 quemadmodum
854 889 960 948 omnia
980 889 1055 948 uitia
1070 889 1194 967 penitus
1210 888 1361 962 insidunt,

128 997 184 1056 nisi
209 996 284 1056 dum
309 1004 449 1074 surgunt,
474 1015 626 1075 oppressa
649 1004 730 1069 sunt,
753 997 797 1056 ita
820 993 898 1055 haec
921 1014 1047 1075 quoque
1070 997 1173 1057 tristia
1196 1005 1227 1057 et
1245 997 1363 1056 misera

129 1112 161 1164 et
184 1103 213 1163 in
238 1122 272 1162 se
296 1104 468 1163 saeuientia
490 1103 557 1182 ipsa
573 1103 742 1163 nouissime
758 1101 930 1163 acerbitate
946 1110 1115 1181 pascuntur
1131 1110 1163 1162 et
1179 1100 1214 1162 fit
1230 1099 1362 1163 infelicis

4 1235 9 1246 ·
129 1210 223 1270 animi
254 1229 352 1288 praua
385 1208 532 1288 uoluptas
565 1207 664 1270 dolor.
710 1211 865 1289 cupissem
897 1211 1003 1289 itaque
1026 1210 1136 1289 primis
1160 1208 1405 1289 temporibus&

38 1299 42 1305 ’
129 1316 169 1376 ad
209 1318 300 1376 istam
340 1316 534 1376 curationem
565 1317 745 1376 accedere·
781 1314 898 1376 leniore
929 1315 1084 1376 medicina
1114 1313 1223 1377 luisset
1256 1317 1363 1376 oriens

91 1433 115 1474 ¹⁰
130 1421 234 1483 adhuc
257 1423 475 1502 restringenda
498 1425 562 1483 uis:
589 1421 807 1484 uehementius
831 1430 941 1483 contra
962 1424 1135 1484 inueterata
1151 1422 1362 1502 pugnandum

129 1538 185 1591 est.
231 1550 304 1590 nam
337 1528 500 1590 uolnerum
532 1545 658 1610 quoque
689 1528 804 1590 sanitas
835 1527 931 1590 lacilis
962 1539 1026 1602 est,
1058 1529 1134 1590 dum
1165 1549 1185 1589 a
1208 1529 1364 1609 sanguine

129 1639 266 1698 recentia
297 1645 377 1697 sunt.
425 1644 498 1698 tunc
529 1646 678 1698 eruuntur
708 1645 739 1696 et
769 1639 799 1697 in
831 1635 929 1697 altum
962 1645 1149 1697 reuocantur
1179 1644 1211 1696 et
1241 1636 1363 1715 digitos

129 1745 334 1805 scrutantium
374 1744 543 1823 recipiunt:
587 1744 639 1805 ubi
678 1751 827 1825 corrupta
857 1743 887 1803 in
919 1742 1037 1804 malum
1070 1743 1155 1805 ulcus
1186 1751 1363 1816 uerterunt,

129 1848 282 1911 difficilius
306 1860 458 1911 curantur.
503 1870 567 1910 non
590 1870 721 1930 possum
744 1870 826 1910 nunc
850 1869 905 1929 per
929 1849 1116 1930 obsequium
1141 1856 1200 1910 nec
1223 1847 1364 1910 molliter

11 2036 29 2051 ,
92 1970 115 2008 ¹⁵
130 1957 261 2037 adsequi
284 1967 351 2018 tam
377 1958 490 2017 durum
514 1956 679 2018 dolorem:
705 1956 897 2036 frangendus
914 1966 970 2019 *est

218 2063 253 2124 ll.
293 2062 370 2125 Scio
401 2085 419 2125 a
450 2066 627 2145 praeceptis
659 2064 794 2144 incipere
825 2083 952 2138 omnes,
985 2064 1036 2145 qui
1068 2083 1198 2124 monere
1221 2063 1362 2146 aliquem
1387 2070 1394 2120 t

131 2170 256 2244 uolunt,
295 2180 328 2231 et
365 2172 396 2231 in
435 2168 591 2250 exemplis
621 2171 776 2231 desinere·
824 2170 937 2232 mutari
966 2169 1049 2230 hunc
1079 2171 1203 2231 interim
1236 2191 1361 2232 morem

131 2277 262 2357 expedit
310 2276 397 2338 aliter
421 2279 503 2339 enim
527 2253 599 2339 cum
623 2277 684 2338 alio
708 2277 869 2357 agendum
893 2285 961 2337 est:
988 2278 1145 2358 quosdam
1166 2279 1250 2338 ratio
1268 2281 1363 2351 ducit,

131 2382 321 2464 quibusdam
338 2386 467 2445 nomina
483 2383 567 2445 clara
583 2385 776 2466 opponenda
792 2392 865 2445 sunt
881 2391 913 2445 et
929 2385 1108 2458 auctoritas
1129 2403 1210 2465 quae
1225 2382 1361 2454 liberum

93 2501 119 2542 ²0
133 2510 197 2551 non
221 2489 375 2572 relinquat
398 2493 536 2553 animum
561 2490 601 2553 ad
625 2491 769 2572 speciosa
791 2490 938 2571 stupenti.
977 2490 1042 2551 duo
1065 2489 1122 2552 tibi
1144 2510 1264 2571 ponam
1290 2494 1391 2553 antet

132 2595 242 2659 oculos
266 2598 408 2659 maxima
430 2607 463 2660 et
486 2618 582 2659 sexus
606 2607 639 2660 et
662 2596 776 2659 saeculi
800 2597 844 2658 tui
868 2595 1035 2677 exempla:
1067 2597 1193 2658 alterius
1216 2595 1362 2671 feminae,

132 2725 213 2786 quae
236 2725 270 2765 se
294 2704 424 2766 tradidit
447 2703 607 2766 ferendam
634 2704 744 2779 dolori,
768 2703 909 2778 alteriuS,
933 2723 1014 2785 quae
1037 2706 1104 2784 pari
1128 2703 1255 2766 adlecta
1279 2724 1362 2779 casu,

132 2811 251 2872 maiore
275 2787 402 2916 damno
426 2832 491 2872 non
515 2821 622 2874 tamen
646 2812 734 2873 dedit
749 2811 879 2892 longum
896 2811 927 2871 in
942 2831 976 2872 se
993 2810 1082 2872 malis
1098 2811 1159 2872 suis
1176 2811 1363 2886 dominium,

92 2922 97 2928 ’
131 2919 188 2980 sed
212 2919 275 2980 cito
299 2921 437 2980 animum
460 2921 492 2980 in
515 2919 626 2980 sedem
649 2938 738 2980 suam
754 2917 902 2998 reposuit.
942 2915 1076 2979 Octauia
1092 2927 1124 2980 et
1139 2917 1239 2993 Liuia,
1263 2916 1394 2981 alterat

91 3036 116 3075 '2⁵
131 3046 221 3087 soror
235 3026 382 3106 Augusti,
400 3024 497 3087 altera
511 3046 601 3101 uxor,
615 3027 784 3087 amiserant
798 3023 878 3086 filios
895 3025 1035 3096 iuuenes,
1048 3034 1178 3106 utraque
1194 3045 1253 3107 spe
1269 3023 1364 3087 futuri

132 3132 276 3214 principis
290 3141 390 3194 certa:
403 3130 537 3194 Octauia
545 3131 737 3206 Marcellum,
747 3133 795 3194 cui
808 3140 840 3194 et
853 3130 1022 3193 auunculus
1035 3140 1067 3193 et
1079 3151 1170 3193 socer
1179 3131 1366 3193 incumbere

132 3248 289 3320 coeperat,
303 3241 334 3300 in
347 3259 442 3320 quem
456 3259 535 3300 onus
550 3239 660 3322 inperii
675 3238 832 3314 reclinare,
841 3237 1075 3300 adulescentem
1092 3220 1198 3300 animo
1214 3236 1365 3315 alacrem,

151 3380 255 3387 .-..,...-.-.
260 3379 332 3386 --ω-
337 3381 344 3385 ..

139 3451 144 3501 l
169 3453 297 3516 componit
393 3451 527 3517 2pr9terit
547 3449 672 3505 sollemni
690 3451 764 3513 aitte,
783 3456 906 3504 correcto
925 3449 952 3502 iu
972 3448 1153 3504 deterioribus
1177 3492 1179 3497 .
1248 3451 1365 3513 3nichil

222 3542 256 3590 im
276 3548 332 3606 petu
353 3543 397 3608 (im
417 3540 500 3606 corr.)
600 3541 615 3593 4
636 3542 708 3590 etiam
805 3539 821 3592 7
842 3541 960 3590 seuientia
1050 3539 1161 3604 8praua
1180 3537 1262 3597 dett:
1284 3558 1364 3607 prauo

224 3630 239 3682 9
259 3631 352 3700 leniore
373 3629 470 3684 Gertz:
492 3632 584 3680 leuiore
680 3631 716 3700 ’11Ι
732 3630 856 3679 uulnerum
875 3631 943 3695 (uuln
961 3629 989 3682 iu
1008 3632 1076 3695 rat.)
1170 3629 1201 3683 12
1220 3635 1244 3679 et
1264 3637 1366 3682 uruntur

134 3716 239 3783 codex,
264 3718 337 3773 unde
360 3729 472 3770 eruuntur
495 3717 576 3787 effeci
599 3717 668 3772 conl.
689 3716 724 3771 de
737 3734 820 3789 prote.
840 3722 870 3786 6,
891 3722 906 3770 9
932 3736 981 3769 non
1001 3720 1026 3767 in
1044 3720 1097 3768 alto
1121 3718 1181 3768 latet
1199 3720 1299 3783 spiritus
1319 3737 1366 3770 nec

134 3810 218 3872 utique
238 3809 302 3859 ferro
328 3811 446 3858 eruendus
471 3814 513 3862 est.
532 3825 583 3858 non
601 3815 654 3858 sunt
679 3809 779 3858 uolnere
804 3809 898 3873 penitus
921 3809 1030 3873 inpresso
1055 3808 1186 3857 scrutanda
1204 3810 1365 3877 praecordia,

134 3894 182 3950 uti
198 3914 285 3967 aeque
303 3904 494 3968 conponuntur
513 3896 597 3950 uerba
617 3894 733 3950 eruendi
749 3902 775 3950 et
792 3895 938 3950 scrutandi
944 3915 950 3952 ;
972 3903 995 3947 et
1013 3905 1136 3962 terguntur
1154 3893 1280 3967 Mudua'q,
1301 3912 1366 3951 eum

135 3984 217 4039 Gertz
240 4003 359 4056 prorsus
384 3993 483 4040 temere
508 3987 632 4036 difficilius
657 3995 770 4036 curantur
794 3984 916 4039 eiciendo
941 4001 999 4038 esse
1023 3992 1133 4040 censeat
1243 3986 1277 4039 14
1299 3996 1367 4056 post

132 4083 253 4126 uerterunt
280 4073 379 4129 lacuna
488 4075 520 4126 15
547 4076 646 4140 adloqui
671 4073 826 4141 dubitanter
845 4073 932 4137 lieet,
958 4076 1058 4139 adsequi
1082 4091 1115 4127 ue
1139 4074 1233 4145 Lipsio
1253 4076 1366 4144 quidem

128 4163 248 4233 placuit,
274 4164 453 4234 interpretari
474 4170 563 4217 tumea
582 4161 673 4217 studet
694 4161 877 4233 ‘praeeuntem
898 4161 1020 4216 dolorem
1034 4162 1176 4233 prendere
1193 4162 1240 4218 ael
1258 4162 1364 4220 sistere'

228 4255 263 4307 20
282 4256 399 4319 stupenti,
419 4252 494 4322 quod
516 4250 607 4307 codea
625 4251 719 4317 latet,
744 4268 799 4305 non
822 4257 882 4306 erat
906 4267 955 4305 eur
980 4250 1158 4308 addubitaret
1177 4251 1261 4307 Gertz

133 4344 163 4395 21
192 4345 281 4393 lemine
307 4345 333 4407 (e
352 4346 425 4396 extr.
444 4343 471 4394 in
492 4343 559 4409 rus.)
662 4342 695 4394 22
721 4343 810 4392 affecta
837 4341 931 4410 (prior
949 4343 1060 4407 icore.)
1168 4342 1202 4395 25
1226 4346 1365 4395 amiserant

135 4429 232 4485 Gertz:
254 4433 385 4481 amiserunt
477 4431 510 4484 27
530 4438 629 4496 ceperat
