3046 5092
445 317 525 361 DIAL.
541 319 567 362 V.
598 319 637 358 DE
652 319 703 358 IRA
719 319 773 361 LIB.
791 319 830 364 ΙΙΙ.
859 322 915 362 6.·1.
1126 285 1127 288 '
1251 326 1289 387 91

72 465 286 548 tranquillitaS,
318 466 343 526 si
373 484 476 545 neque
507 467 652 544 priuatim
684 450 786 546 neque
816 465 940 546 publice
974 466 1074 528 multa
1096 475 1150 528 aut
1173 468 1293 528 maiora

70 573 181 636 uiribus
212 575 327 637 nostris
350 574 516 652 egerimus,
570 592 743 651 numquam
775 581 841 634 tam
873 561 999 634 feliciter
1030 574 1060 634 in
1101 573 1200 635 multa
1230 574 1292 635 dis-

59 683 199 741 -currenti
230 681 361 760 negotia
391 679 459 744 dies
490 681 618 751 transit,
650 688 685 740 ut
708 699 773 740 non
804 688 858 741 aut
882 699 923 740 ex
947 678 1077 742 homine
1107 689 1162 741 aut
1194 699 1236 740 ex
1259 700 1293 741 re

40 786 184 848 loffensa
216 793 377 859 nascatur,
417 804 498 866 quae
536 787 675 846 animum
713 789 744 847 in
774 788 834 847 iras
866 795 965 865 paret.
1018 787 1291 866 quemadmodum

65 913 118 974 per
141 891 317 973 frequentia
347 892 430 953 urbis
461 890 533 952 loca
563 895 744 971 properanti
776 895 806 954 in
830 891 948 955 multos
972 894 1219 954 incursitandum
1243 902 1318 955 ests

65 1009 94 1062 et
125 999 220 1060 aliubi
253 999 316 1061 labi
347 1018 476 1060 necesse
508 1008 570 1072 est,
601 997 694 1061 aliubi
718 1001 855 1072 retineri,
886 999 981 1061 aliubi
1005 1002 1160 1081 respergi:
1194 1002 1237 1060 ita
1260 1001 1291 1060 in

64 1105 124 1167 hoc
164 1108 248 1167 uitae
287 1115 360 1167 actu
392 1106 546 1185 dissipato
577 1116 610 1166 et
643 1124 726 1184 uago
766 1104 865 1168 multa
902 1106 1134 1186 inpedimenta,
1173 1104 1291 1167 multae

63 1211 220 1293 querellae
244 1213 392 1274 incidunt.
440 1210 517 1272 alius
540 1232 630 1292 spem
654 1221 796 1298 nostram
821 1210 934 1285 fefellit,
959 1211 1035 1273 alius
1060 1210 1192 1287 distulit,
1215 1210 1291 1273 alius

37 1321 239 1400 sintercepit.
286 1339 350 1379 non
383 1338 426 1378 ex
457 1318 617 1380 destinato
650 1321 816 1399 proposita
847 1318 1014 1381 fluxerunt.
1060 1316 1134 1380 nulli
1165 1318 1290 1403 fortuna

62 1435 127 1488 tam
153 1426 261 1507 dedita
285 1435 347 1498 est,
379 1433 413 1486 ut
445 1423 545 1486 multa
567 1427 738 1503 temptanti
763 1424 879 1505 ubique
906 1425 1107 1505 respondeat
1150 1427 1290 1506 sequitur
1308 1447 1329 1485 n

23 1598 26 1609 ,
62 1551 148 1611 erge,
173 1541 208 1593 ut
232 1534 257 1593 is
273 1531 321 1591 cui
337 1541 449 1592 contra
474 1551 569 1611 quam
586 1541 796 1612 proposuerat
819 1531 923 1612 aliqua
943 1541 1112 1606 cesserunt,
1135 1533 1290 1610 inpatiens

62 1639 227 1700 hominum
252 1657 419 1718 rerumque
442 1640 496 1711 sit,
527 1658 569 1698 ex
592 1637 757 1699 leuissimis
780 1640 880 1699 causis
903 1640 1053 1700 irascatur
1075 1657 1158 1698 nunc
1180 1657 1288 1717 perso-

30 1761 135 1819 nnae,
165 1764 247 1805 nunc
270 1746 417 1824 negotio,
449 1764 532 1804 nunc
555 1744 644 1818 loco,
668 1764 750 1805 nunc
772 1743 930 1818 fortunae,
966 1764 1048 1804 nunc
1070 1743 1137 1805 sibi.
1184 1745 1290 1825 itaque

62 1860 94 1913 ut
124 1851 249 1932 quietus
280 1852 380 1929 possit
403 1871 473 1912 esse
496 1851 632 1924 animuS,
664 1871 728 1913 non
760 1860 809 1912 est
841 1851 1003 1912 iactandus
1026 1871 1085 1911 nec
1109 1850 1288 1924 multarum,

62 1968 94 2021 ut
124 1960 209 2032 dixi,
241 1976 343 2018 rerum
376 1967 448 2018 actu
486 1955 666 2037 fatigandus
697 1977 756 2018 nec
794 1963 987 2037 magnarum
1020 1976 1178 2037 supraque
1208 1958 1287 2017 uires
1303 1979 1326 2016 15

62 2066 284 2145 adpetitarum.
336 2062 425 2125 facile
457 2073 505 2126 est
538 2063 618 2125 leuia
649 2072 760 2143 aptare
791 2063 963 2125 ceruicibus
995 2072 1027 2124 et
1058 2063 1089 2123 in
1120 2062 1201 2124 hanc
1233 2073 1288 2125 aut

63 2170 146 2232 illam
170 2180 295 2251 partem
320 2169 488 2231 transferre
503 2172 570 2231 sine
585 2169 692 2249 lapsu:
720 2180 753 2231 at
777 2191 858 2250 quae
877 2169 984 2232 alienis
1007 2172 1037 2230 in
1061 2189 1119 2230 nos
1143 2169 1288 2231 manibus

62 2279 196 2358 inposita
226 2297 321 2357 aegre
351 2279 558 2350 sustinemus,
595 2279 668 2339 uicti
692 2279 722 2337 in
746 2296 924 2356 proxumos
948 2275 1145 2338 effundimus,
1191 2277 1287 2337 etiam

63 2385 135 2447 dum
159 2393 281 2446 stamus
304 2383 362 2444 sub
386 2385 516 2455 sarcina,
539 2385 663 2463 inpares
687 2386 775 2445 oneri
799 2382 987 2445 uacillamus,

20 2504 37 2554 1
88 2546 91 2551 .
147 2490 217 2551 Vll.
253 2489 342 2550 Idem
374 2490 516 2551 accidere
546 2491 578 2551 in
608 2489 703 2550 rebus
742 2489 883 2551 ciuilibus
915 2509 954 2550 ac
984 2490 1167 2550 domesticis
1197 2490 1285 2549 scias.
1301 2508 1326 2548 n

62 2599 188 2677 negotia
211 2597 365 2675 expedita
388 2604 420 2656 et
444 2593 561 2657 habilia
583 2604 755 2676 sequuntur
779 2605 939 2657 actorem:
974 2582 1119 2674 ingentia
1136 2604 1169 2655 et
1191 2613 1287 2673 supra

62 2722 239 2764 mensuram
256 2704 393 2782 gerentis
410 2721 468 2762 nec
484 2703 562 2764 dant
585 2722 620 2762 se
643 2700 733 2763 facile
756 2712 797 2775 et,
820 2704 846 2762 si
862 2710 1019 2781 occupata
1033 2710 1114 2774 sunt,
1137 2709 1286 2782 premunt
1318 2702 1321 2709 '

62 2818 153 2890 atque
184 2810 347 2870 adducunt
387 2808 660 2870 administrantem
699 2811 860 2888 tenerique
898 2810 961 2869 iam
1001 2811 1066 2869 uisa
1104 2827 1176 2868 cum
1216 2810 1284 2887 ipso

62 2918 204 2978 caduntz.
230 2918 274 2977 ita
304 2915 355 2989 fit,
390 2925 423 2976 ut
455 2915 634 2995 frequenter
664 2917 756 2977 inrita
786 2917 827 2976 sit
850 2917 916 2976 eius
945 2914 1106 2988 uoluntas,
1133 2916 1189 2997 ,qui
1221 2934 1303 2989 non¹

61 3043 138 3103 quae
161 3022 264 3085 facilia
287 3032 359 3084 sunt
382 3023 583 3101 adgreditur,
614 3023 671 3082 sed
704 3021 770 3083 uult
793 3019 893 3083 facilia
916 3041 985 3082 esse
1008 3042 1089 3102 quae
1113 3021 1284 3100 adgressus
1299 3047 1324 3087 rs

24 3139 113 3192 2est.
146 3132 292 3211 quotiens
315 3128 431 3209 aliquid
455 3128 628 3199 conaberis,
653 3138 686 3189 te
705 3126 798 3189 simul
821 3138 854 3191 et
877 3148 1018 3208 eaquae
1041 3147 1134 3207 paras
1157 3125 1283 3207 quibus-

61 3226 261 3316 que'pararis
284 3237 352 3314 ipse
376 3237 495 3296 metire.
527 3232 620 3296 faciet
644 3237 727 3296 enim
752 3244 784 3296 te
802 3255 948 3314 asperum
964 3236 1158 3314 paenitentia
1181 3234 1285 3314 operis

60 3340 170 3404 infecti.
209 3341 272 3402 hoc
295 3344 426 3404 interest
450 3350 554 3401 utrum
577 3343 647 3421 quis
669 3340 780 3402 feruidi
803 3343 845 3403 sit
867 3343 971 3422 ingeni
1000 3362 1039 3402 an
1063 3340 1165 3420 frigidi
1189 3350 1285 3422 atque

60 3448 199 3511 humilis:
244 3468 400 3528 generoso
441 3447 565 3526 repulsa
602 3450 681 3509 iram
720 3450 894 3527 exprimet,
944 3447 1093 3528 languido
1131 3450 1284 3527 inertique

62 3625 73 3675 1
92 3627 112 3674 si
130 3642 210 3689 neque
229 3621 324 3692 uulpo:
345 3625 397 3672 sine
415 3640 463 3688 quo
560 3623 576 3675 6
597 3623 672 3672 aliubi
691 3621 805 3675 Fickert
822 3637 861 3675 ex
879 3621 986 3679 codice,
1000 3623 1091 3671 alicubi
1111 3622 1194 3691 uulgo

60 3729 190 3796 liquerele
209 3730 243 3796 (le
263 3745 343 3794 cortu,
360 3726 417 3796 fnit
434 3728 477 3794 lle)
535 3705 703 3793 ‘aliusspem
723 3729 744 3794 (s
760 3725 827 3795 sort.
848 3744 881 3779 m.
896 3728 954 3797 pr.)
1061 3727 1194 3794 1011(ιή
1215 3731 1283 3793 ras.)

141 3819 174 3871 lb
195 3821 336 3883 appetitam
355 3817 445 3890 (prior
464 3835 485 3924 pt
500 3818 583 3883 corr.)
665 3818 697 3869 l'i
717 3825 741 3866 at
761 3817 856 3884 (corr.)
943 3816 975 3871 18
995 3819 1019 3866 in
1038 3820 1164 3883 proximos
1185 3815 1211 3870 E
1219 3821 1238 3867 ¹:
1260 3820 1284 3866 in

61 3978 150 4026 pxumo
242 3961 276 4012 ‘233
296 3968 338 4025 atq
345 3978 352 4017 ;
374 3958 438 4027 (fuit
457 3945 520 4025 adq;
542 3957 640 4011 deinde
658 3961 731 4012 ex'd
747 3957 826 4026 facta
846 3959 865 4024 t)
952 3961 1076 4011 adducunt
1096 3959 1191 4029 Neap,
1210 3958 1285 4028 quod

61 4058 130 4102 recte
150 4048 261 4117 Lepsios
280 4050 438 4110 contrahunt,
459 4050 585 4098 incuruant
603 4049 813 4116 interpretatum
840 4051 963 4099 abducunt
982 4065 1041 4101 cum
1062 4047 1154 4101 codice
1173 4045 1283 4099 Fickert

62 4144 84 4188 et
107 4136 216 4198 Haase,
245 4135 320 4206 quod
344 4135 570 4204 qromadmodum
597 4151 655 4188 cum
682 4145 793 4201 premunt
817 4137 961 4190 conueniat
983 4153 1037 4189 non
1062 4144 1176 4205 apparat

61 4228 249 4275 {ministrantem
272 4226 299 4291 (a
318 4226 401 4290 corr.)
499 4225 531 4277 25
552 4226 636 4274 facilia
656 4226 691 4292 (ia
710 4226 794 4291 corr.)
892 4228 1034 4291 aggreditur
1054 4225 1142 4294 (prior
1161 4242 1178 4288 g
1197 4224 1281 4289 corr.)

151 4331 280 4379 aggressus
299 4322 334 4362 est
354 4314 445 4382 (prior
464 4331 480 4377 g
500 4313 592 4387 corui
682 4314 716 4366 Qb'
737 4316 829 4378 aliquid
849 4314 876 4379 (d
895 4330 933 4366 ex
952 4322 961 4363 t
980 4313 1063 4380 corr.)
1154 4313 1188 4366 ‘28
1207 4314 1282 4377 igenii

64 4404 80 4466 (j
98 4404 180 4469 corr.)
254 4410 305 4467 atq;
329 4404 363 4468 κῃ
387 4403 469 4466 corr.)
998 4419 1000 4424 ·
