3046 5092
219 313 282 375 264
366 308 446 351 DlAL.
462 307 501 350 xi.
531 308 571 347 AD
587 306 723 347 HELVlAM
740 305 870 347 MATREM
886 305 926 344 DE
941 304 1183 354 CONSOcATmNE.
1215 307 1245 348 14.
1263 307 1295 347 15.

222 453 461 517 commodando
485 452 549 515 aliis
573 452 723 533 fatigant:
758 462 792 515 tu
815 450 985 514 liberorum
1008 460 1136 513 tuorum
1159 450 1250 513 bonis
1274 451 1445 533 plurimum
1463 468 1521 532 Ξ

218 561 326 642 gauisa
350 581 400 635 es,
431 561 594 622 minimum
618 579 682 622 usa.
727 568 761 621 tu
785 557 960 620 liberalitati
983 567 1110 620 nostrae
1132 578 1264 641 semper·
1280 560 1460 641 inposuisti¹

219 668 368 740 modum,
401 687 472 729 cum
503 675 576 728 tuae
605 687 670 727 non
701 666 876 747 inponeres.
922 672 956 726 tu
987 664 1049 726 filia
1062 724 1064 729 ,
1079 663 1212 726 familiae
1234 664 1447 747 locupletibus

218 772 286 835 filiis
317 772 399 835 ultro
431 772 595 836 contulisti.
641 784 675 834 tu
707 772 896 855 patrimonia
926 780 1035 833 nostra
1065 772 1109 835 sic
1139 772 1381 847 administrasti,
1413 781 1447 834 ut

192 890 383 961 :tamquam
414 881 475 942 tuis
505 879 682 954 laborareS,
714 890 878 959 tamquam
911 877 1017 939 alienis
1039 861 1220 940 abstineres.
1267 887 1300 940 tu
1326 879 1446 965 gratiae

180 963 185 972 ⁸
218 996 355 1061 nostrae,
379 997 542 1068 tamquam
567 986 673 1048 alienis
696 987 791 1048 rebus
816 986 954 1058 utereris
978 985 1144 1066 pepercisti
1165 994 1198 1047 et
1213 1005 1255 1045 ex
1270 985 1447 1048 honoribus

219 1095 334 1158 nostris
365 1092 439 1155 nihil
470 1095 511 1155 ad
542 1103 574 1154 te
605 1094 662 1154 nisi
694 1092 840 1173 uoluptas
864 1101 896 1153 et
919 1092 1050 1171 inpensa
1072 1092 1236 1172 pertinuit:
1270 1112 1446 1173 numquam

219 1200 413 1280 indulgentia
435 1201 476 1261 ad
500 1197 664 1261 utilitatem
689 1199 835 1280 respexit.
883 1219 958 1259 non·
975 1207 1068 1280 potes
1092 1198 1196 1278 itaque
1219 1218 1258 1260 ea
1280 1199 1311 1260 in
1335 1208 1446 1280 erepto

219 1305 281 1369 filio
307 1307 494 1382 desiderare,
517 1326 598 1387 quae
623 1305 654 1366 in
678 1305 824 1367 incolumi
848 1324 1020 1386 numquam
1043 1305 1084 1367 ad
1100 1314 1132 1366 te
1147 1305 1303 1386 pertinere
1320 1305 1445 1367 duxisti

167 1427 204 1468 ,10
309 1414 381 1475 XV.
427 1413 484 1474 lllo
508 1412 612 1474 omnis
636 1411 811 1474 consolatio
836 1411 909 1474 mihi
934 1412 1087 1473 uertenda
1109 1409 1278 1486 est‚'unde
1301 1431 1378 1474 uera
1401 1413 1482 1488 uisi

220 1521 352 1582 materni
375 1519 493 1581 doloris
517 1520 632 1581 oritur:
660 1539 721 1600 ego
746 1517 905 1601 conplexu
929 1517 969 1580 fili
993 1518 1141 1581 carissimi
1164 1538 1266 1592 careo,
1289 1539 1357 1580 non
1372 1539 1444 1581 con·

219 1636 329 1709 spectu
361 1627 441 1700 eius,
471 1647 535 1687 non
566 1645 713 1688 sermone
727 1674 729 1678 »
744 1645 875 1706 possum
907 1623 972 1685 frui.
1019 1624 1071 1687 ubi
1103 1635 1151 1688 est
1182 1623 1247 1699 ille,
1284 1646 1349 1706 quo
1380 1627 1446 1688 uiso

219 1736 340 1796 tristem
365 1732 486 1795 uoltum
511 1731 659 1806 relaxaui,
683 1732 714 1793 in
737 1751 801 1812 quo
822 1751 934 1793 omnes
950 1730 1172 1793 sollicitudines
1189 1751 1277 1794 meas
1292 1733 1445 1812 deposui?

219 1842 273 1903 ubi
307 1839 490 1921 conloquia,
529 1859 664 1920 quorum
703 1837 899 1920 inexplebilis
938 1841 1045 1900 eram?
1085 1828 1138 1899 ubi
1176 1838 1294 1913 studia,
1334 1839 1445 1919 quibus

183 1958 204 1997 ¹⁵
220 1948 364 2011 libentius
387 1966 483 2027 quam
507 1945 637 2020 semina,
662 1945 839 2007 familiarius
863 1965 959 2026 quam
983 1953 1085 2006 mater
1107 1944 1295 2007 intereram?
1329 1946 1384 2008 ubi
1406 1944 1445 2007 illi

220 2058 388 2117 occursus?
427 2054 480 2115 ubi
518 2062 619 2114 matre
649 2053 714 2114 uisa
744 2072 870 2133 semper
901 2051 1026 2134 puerilis
1057 2051 1214 2115 hilaritas?
1253 2051 1352 2115 adicis
1382 2053 1473 2130 istis2

220 2162 290 2224 loca
312 2163 381 2249 ipsa
403 2158 647 2240 gratulationum
672 2169 704 2222 et
727 2158 927 2221 conuictuum
952 2167 1000 2232 et,
1032 2167 1067 2219 ut
1094 2179 1222 2221 necesse
1240 2168 1310 2233 est,
1343 2158 1444 2221 effica-

153 2351 155 2355 γ
220 2269 360 2330 cissimas
383 2268 432 2329 ad
464 2267 629 2328 uexandos
652 2267 775 2328 animos
799 2265 932 2327 recentis
955 2266 1201 2328 conuersationis
1224 2275 1326 2328 notas,
1373 2278 1445 2328 nam

220 2375 283 2436 hoc
314 2394 442 2454 quoque
473 2374 623 2434 aduersus
655 2382 686 2434 te
718 2372 884 2434 crudeliter
915 2371 1041 2434 fortuna
1071 2371 1182 2434 molita
1204 2380 1269 2447 est,
1302 2374 1392 2453 quod
1414 2355 1446 2435 te

180 2492 206 2530 '2⁰
221 2490 293 2542 ante
329 2481 456 2541 tertium
493 2480 623 2540 demum
654 2479 738 2551 diem
771 2498 867 2559 quam
899 2477 1061 2559 perculsus
1090 2499 1177 2554 sum,
1213 2499 1357 2541 securam
1390 2499 1448 2540 nec

220 2588 387 2668 quicquam
418 2585 481 2648 tale
512 2595 705 2647 metuentem
738 2584 860 2666 regredi
892 2583 996 2647 uoluit
1043 2585 1125 2646 bene
1152 2605 1211 2647 nos
1234 2585 1478 2666 longinquitas3

220 2686 361 2755 locorum
394 2693 549 2753 diuiserat.
596 2691 677 2753 bene
709 2691 827 2772 aliquot
858 2712 1012 2753 annorum
1045 2691 1188 2754 absentia
1209 2692 1281 2754 huic
1304 2700 1338 2754 te
1361 2691 1447 2754 malo

220 2808 480 2881 praeparauerat:
513 2797 620 2859 redisti
643 2818 708 2858 non
732 2806 767 2858 ut
790 2796 988 2879 uoluptatem
1012 2819 1054 2859 ex
1077 2797 1141 2861 filio
1164 2798 1358 2880 perciperes,
1390 2800 1447 2861 sed

221 2915 255 2967 ut
279 2906 538 2966 consuetudinem
562 2904 707 2967 desiderii
730 2905 887 2985 perderes.
919 2905 944 2965 si
970 2903 1069 2966 multo
1086 2912 1159 2968 ante
1175 2903 1314 2979 afuisseS,
1337 2904 1448 2969 fortius

180 3024 206 3063 2⁵
221 3011 342 3074 tulisses
373 3012 441 3091 ipso
473 2992 636 3072 interuallo
669 3010 859 3072 desiderium
892 3010 1071 3073 molliente:
1104 3012 1130 3072 si
1160 3031 1225 3074 non
1257 3014 1448 3086 recessisses

220 3116 362 3179 ultimum
394 3125 479 3178 certe
507 3115 640 3178 fructum
665 3117 763 3178 biduo
787 3117 901 3178 diutius
925 3117 1052 3179 uidendi
1075 3116 1171 3179 filium
1195 3117 1339 3180 tulisses:
1364 3139 1448 3180 nunc
1473 3123 1476 3127 ’

221 3223 354 3285 crudele·
372 3221 469 3284 latum
494 3223 537 3283 ita
560 3224 742 3303 conposuit,
777 3231 811 3284 ut
834 3243 893 3284 nec
915 3222 1059 3285 fortunae
1080 3244 1174 3288 meae
1196 3224 1365 3286 interesses
1388 3241 1447 3287 nec

220 3331 381 3391 absentiae
405 3329 614 3390 adsuesceres.
660 3331 718 3390 sed
741 3339 869 3416 quanto⁸
884 3330 943 3390 ista
965 3330 1092 3391 duriora
1114 3339 1202 3405 sunt,
1230 3339 1323 3393 tanto
1346 3330 1448 3392 maior
1467 3351 1483 3405 4

220 3437 276 3498 tibi
307 3437 405 3498 uirtus
435 3436 622 3497 aduocanda
654 3445 701 3498 est
724 3445 756 3497 et
780 3435 865 3498 uelut
889 3457 960 3497 cum
985 3436 1078 3499 hoste
1101 3447 1179 3499 noto
1203 3458 1241 3499 ac
1263 3456 1361 3519 saepe
1384 3438 1448 3500 iam

221 3773 237 3824 2
261 3771 330 3841 iiiusa
427 3773 566 3822 liberalitati
587 3770 749 3825 deteriores:
770 3772 923 3822 liberalitatis
1017 3774 1152 3837 imposuisti
1248 3772 1266 3825 4
1290 3731 1338 3824 filis

221 3864 342 3912 contulisti
365 3883 376 3912 s
465 3852 473 3862 ’
493 3861 507 3912 5
533 3863 579 3910 tuis
600 3859 697 3914 Gertz:
718 3862 790 3910 intnls
903 3863 989 3912 alienis
1008 3859 1170 3915 Pincianus:
1192 3863 1247 3911 aliis
1270 3893 1272 3896 ⁴
1355 3862 1372 3915 7
1397 3869 1446 3912 alte

221 3951 314 4025 (prior
333 3958 342 4000 t
361 3952 442 4016 corr.)
515 3950 531 4003 8
554 3955 635 4015 potest
654 3948 754 4016 (altera
772 3959 780 3998 t
800 3947 862 4016 del.)
960 3949 975 4003 9
1001 3953 1025 4000 in
1044 3952 1160 4001 incolumi
1180 3949 1288 4005 Haase:
1309 3953 1366 4002 inco
1385 3952 1445 4001 lumi

310 4084 358 4125 alte
378 4060 472 4144 (ῃνίον7
491 4081 499 4124 t
518 4075 601 4139 corr.)
703 4075 734 4126 ll
755 4077 884 4140 complexu
974 4037 1017 4124 tilii
1089 4075 1153 4127 '14
1179 4077 1374 4142 inexpleblebilis
1394 4076 1480 4141 (ble¹

221 4197 325 4252 lineolis
340 4197 442 4265 'deletal
536 4201 567 4252 15
593 4201 628 4249 illi
649 4196 745 4256 Gertz:
767 4200 807 4250 ille
901 4199 934 4252 18
959 4177 1029 4250 notas
1047 4201 1068 4267 (s
1087 4217 1120 4254 m.
1138 4202 1194 4271 pr.)
1289 4200 1322 4254 21
1349 4201 1445 4266 regredi

221 4321 346 4391 Lipsius:
367 4325 398 4372 ad
415 4299 462 4388 fiili
488 4396 492 4405 ι
559 4322 592 4375 24
618 4332 690 4374 antea
709 4325 793 4374 fuisses
895 4324 928 4378 ‘25
954 4326 1084 4375 molliente.
1106 4327 1126 4375 si
1146 4326 1218 4391 (alite
1236 4327 1257 4376 si
1276 4327 1343 4393 rasi)

221 4410 255 4462 27
274 4414 413 4476 composuit
