3046 5092
481 325 613 371 DlAL.lV.
643 327 683 368 DE
699 328 750 368 IRA
765 327 820 372 LIB.
836 330 865 372 11.
893 331 975 374 nott.
1299 340 1338 399 75

115 479 218 541 ¹facere
240 494 336 555 quam
360 473 441 547 fecit,
465 493 524 534 nec
547 473 588 534 ad
612 482 699 535 tuam
724 473 948 536 contumeliam
971 496 1082 557 parum
1107 476 1222 538 didicit.
1263 475 1340 538 alius

135 583 232 646 nonin
253 579 316 640 hoc
339 587 374 640 ut
396 589 428 640 te
451 580 628 641 offenderet
651 579 731 642 fecit.
763 581 804 642 ad
827 579 972 642 ultimum
996 583 1071 662 quid
1095 591 1142 643 est
1162 584 1339 645 dementius

113 691 212 772 lquam
237 686 333 749 bilem
357 688 389 747 in
413 685 558 748 homines
582 685 747 748 collectam
771 688 801 748 in
825 707 875 748 res
906 686 1086 750 effundere?
1125 689 1211 769 atqui
1234 697 1268 750 ut
1291 688 1339 750 his

87 796 90 802 ’
139 795 206 859 irasci
226 794 380 855 dementis
404 802 461 867 est,
484 812 566 873 quae
589 793 693 855 anima
716 802 831 868 carent,
856 795 899 855 sic
923 795 1017 855 mutis
1040 793 1233 869 animalibus,
1257 816 1339 876 quae

140 900 230 964 nulam
258 900 401 961 iniuriam
424 899 516 960 nobis
541 897 675 974 ¹faciunt,
708 899 781 980 quia
811 897 891 960 uelle
921 921 986 961 non
1016 909 1168 980 possunt:
1202 891 1266 963 no‘n
1290 910 1339 964 est
1366 925 1378 963 5
1463 948 1467 955 ,

140 1009 203 1069 enirn
222 1005 329 1068 iniuria
352 1007 413 1081 nisi
432 1026 451 1067 a
474 1005 601 1067 consilio
625 1005 775 1086 profecta.
820 1024 936 1068 nocere
963 1008 1068 1087 itaque
1090 1008 1183 1069 nobis
1205 1016 1339 1089 possunt
1426 1040 1430 1044 -

115 1121 166 1175 out
188 1112 292 1174 ferrum
324 1121 378 1173 aut
409 1110 500 1193 lapis,
531 1113 672 1186 iniuriam
701 1113 829 1192 quidem
853 1111 956 1174 facere
979 1133 1043 1174 non
1066 1123 1207 1194 possunt.
1253 1116 1339 1196 atqui

99 1294 102 1299 ¹
141 1220 272 1282 contemni
302 1239 338 1280 se
367 1219 496 1300 quidam
527 1226 656 1300 putant,
687 1219 741 1280 ubi
771 1219 866 1281 iidem
897 1220 969 1299 equi
1007 1218 1220 1300 obsequentes
1250 1220 1338 1282 alteri
1387 1202 1391 1211 ’

141 1326 220 1405 equiti,
240 1323 327 1387 alteri
351 1333 553 1386 contumaces
577 1334 658 1400 sunt,
681 1333 845 1406 tamquam
869 1326 991 1400 iudicio,
1019 1346 1084 1387 non
1112 1329 1338 1389 consuetudine

113 1439 165 1491 6et
182 1440 236 1492 arte
264 1431 421 1493 tractandi
451 1432 608 1511 quaedam
640 1431 828 1512 quibusdam
860 1431 1049 1495 subiectiora
1078 1433 1148 1494 sint.
1194 1435 1280 1514 atqui
1303 1442 1338 1495 ut
1353 1453 1378 1494 ro

140 1535 176 1597 his
199 1537 277 1599 irasci
307 1536 437 1599 stultum
468 1546 532 1612 est,
578 1538 622 1599 ita
652 1539 756 1619 pueris
787 1547 819 1599 et
857 1558 921 1599 non
953 1537 1086 1600 multum
1118 1561 1137 1600 a
1165 1559 1337 1620 puerorum

141 1645 276 1723 prudentia
311 1644 507 1706 distantibus.
553 1645 660 1706 omnia
690 1645 774 1706 enim
812 1645 871 1706 ista
909 1654 1040 1726 peccata
1077 1646 1162 1725 apud
1200 1666 1336 1726 aequum

141 1748 245 1811 iudicem
267 1770 325 1832 pro
349 1751 528 1812 innocentia
550 1749 670 1812 habent
693 1751 933 1832 inprudentiam.

115 1861 127 1910 l
208 1856 333 1920 XXVII.
367 1855 534 1938 Quaedam
566 1865 640 1918 sunt
667 1878 748 1937 quae
776 1846 891 1919 nocere
914 1877 978 1919 non
1000 1867 1133 1939 possunt
1156 1856 1335 1939 nullamque

141 1961 188 2021 uim
205 1964 254 2024 nisi
276 1962 453 2025 beneficam
476 1973 509 2025 et
524 1961 701 2042 ,salutarem
724 1963 852 2038 habent,
876 1972 909 2024 ut
933 1964 965 2024 di
988 1962 1178 2037 inmortales,
1201 1965 1254 2046 qui
1277 1985 1336 2026 nec
1352 1982 1375 2023 n

141 2065 224 2130 uolunt
244 2068 357 2131 obesse
380 2089 439 2130 nec
461 2077 604 2150 possunt.
649 2077 761 2130 natura
784 2071 867 2130 enim
890 2068 947 2131 illis
971 2070 1054 2130 mitis
1077 2077 1109 2130 et
1132 2068 1255 2150 placida
1278 2081 1335 2144 est,

113 2176 190 2233 atam
208 2174 295 2253 longe
318 2184 443 2236 remota
466 2175 507 2237 ab
532 2175 631 2236 aliena
653 2176 760 2236 iniuria
782 2196 878 2256 quam
902 2197 921 2237 a
943 2195 1008 2238 sua.
1041 2177 1207 2237 dementes
1229 2177 1335 2257 itaque

141 2286 164 2336 et
181 2278 263 2358 ignari
285 2282 424 2343 ueritatis
448 2281 505 2343 illis
528 2283 672 2363 inputant
694 2282 856 2343 saeuitiam
881 2283 985 2357 maris,
1007 2282 1185 2344 inmodicos
1208 2282 1334 2357 imbres,

140 2387 310 2462 pertinaciam
335 2387 462 2462 hiemis,
494 2408 565 2449 cum
599 2389 721 2450 interim
752 2387 825 2449 nihil
853 2387 968 2449 horum
999 2409 1080 2469 quae
1103 2388 1195 2450 nobis
1219 2396 1334 2450 nocent

141 2502 303 2574 prosuntque
326 2495 368 2555 ad
391 2513 450 2554 nos
473 2496 599 2575 proprie
623 2495 791 2574 derigatur.
822 2495 989 2556 nonenim
1011 2514 1071 2556 nos
1095 2515 1189 2556 causa
1212 2495 1332 2555 mundo
1346 2521 1374 2562 20

140 2613 221 2660 sunus
246 2600 384 2662 hiemem
415 2609 634 2680 aestatemque
664 2600 836 2662 referendi:
879 2621 952 2662 suas
984 2601 1043 2662 ista
1080 2600 1166 2680 leges
1204 2599 1333 2674 habent,

141 2701 225 2780 quibus
252 2707 356 2768 diuina
387 2716 582 2768 exercentur.
630 2707 720 2768 nimis
752 2727 810 2768 nos
841 2708 1042 2787 suspicimuS,
1076 2708 1101 2768 si
1132 2707 1217 2787 digni
1241 2706 1332 2767 nobis

141 2805 253 2873 uidemur
281 2821 413 2895 propter
442 2833 523 2894 quos
553 2821 642 2874 tanta
678 2823 875 2875 moueantur.
921 2812 995 2874 nihil
1034 2833 1111 2893 ergo
1150 2803 1264 2874 horum
1302 2814 1333 2873 in

85 2922 91 2935 ·
114 2916 251 2979 3n0stram
274 2919 414 2980 iniuriam
437 2918 481 2994 fit,
506 2919 605 2980 immo
629 2927 740 2981 contra
757 2918 831 2980 nihil
854 2940 919 2980 non
942 2920 985 2980 ad
1000 2919 1144 2981 salutem.
1175 2920 1332 3000 quaedam

141 3034 192 3079 esse
209 3023 337 3086 diximus
367 3045 449 3106 quae
478 3045 594 3086 nocere
617 3026 836 3106 nonpossint,
864 3027 1021 3105 quaedam
1045 3045 1126 3106 quae
1150 3024 1256 3086 nolint.
1302 3025 1333 3085 in
1347 3053 1373 3092 π,

140 3120 167 3182 iis
184 3138 258 3191 erunt
279 3130 356 3192 boni
379 3132 582 3211 magistratus
609 3140 820 3212 parentesque
851 3140 883 3193 et
905 3140 1128 3212 praeceptores
1152 3139 1184 3192 et
1207 3131 1333 3205 iudices

141 3246 245 3306 quorum
277 3237 443 3316 castigatio
466 3237 511 3299 sic
534 3238 716 3319 accipienda
739 3248 788 3298 est
811 3239 975 3317 quomodo
999 3236 1180 3318 scalpellum
1205 3245 1237 3298 et
1260 3236 1331 3298 abs-

112 3331 240 3402 ltinentia
268 3351 300 3404 et
331 3342 392 3406 alia
422 3363 503 3424 quae
533 3342 698 3424 profutura
728 3352 885 3424 torquent.
932 3341 1047 3405 adfecti
1077 3364 1184 3404 sumus
1207 3363 1329 3424 poena:

139 3454 268 3527 succurrat
288 3469 354 3510 non
377 3456 499 3510 tantum
524 3450 599 3529 quid
622 3450 791 3530 patiamur,
819 3450 877 3511 sed
900 3449 976 3529 quid
999 3448 1179 3524 fecerimus,
1203 3451 1234 3510 in
1258 3469 1331 3511 con-

139 3619 319 3643 χ.-

139 3749 225 3810 thirem
241 3765 265 3831 (b
284 3765 368 3833 corr.)
442 3767 508 3831 atqui
522 3765 541 3835 (t
553 3764 637 3832 corr.)
711 3765 794 3830 ique
812 3765 837 3832 (e
855 3766 939 3829 corr.)
1014 3765 1092 3830 iatq
1111 3766 1194 3832 (corr.
1214 3780 1251 3818 ecc
1271 3766 1331 3830 adq)

215 3847 358 3920 beontopni
454 3856 520 3904 idem
540 3857 559 3922 (i
578 3853 662 3921 corr.)
765 3855 926 3918 obsequentes
945 3852 989 3919 (ob
1008 3853 1035 3905 iu
1056 3868 1122 3919 ras,
1141 3851 1251 3906 uidetur
1270 3863 1333 3906 ante
1430 3922 1434 3933 ι

136 3951 183 4005 1³⁰⁵t
194 3949 276 4022 fuisse,
294 3978 311 4026 p
330 3965 404 4013 certe
422 3964 539 4030 apparet
556 3959 642 4025 initio)
741 3952 933 4015 Scontumace⁵
1031 3963 1124 4024 tanqua
1214 3960 1247 4012 12
1267 3960 1332 4024 apud

137 4026 160 4095 (d
175 4033 196 4086 'lt
210 4046 218 4089 ἵ
231 4047 309 4115 corr.)
403 4047 435 4099 14
454 4056 555 4114 possunt
573 4048 673 4102 ceteri:
694 4049 788 4113 possint
879 4047 911 4099 rb
932 4049 966 4097 dii
984 4049 1137 4098 immortales
1156 4049 1175 4116 (i
1193 4050 1228 4096 im
1247 4047 1330 4112 corr.)

221 4131 250 4186 20
266 4138 407 4205 deriguntur
424 4134 495 4200 cod„
518 4139 637 4202 dirigatur
656 4135 705 4190 alii
817 4135 851 4188 22
876 4137 901 4185 ui
919 4137 1003 4184 diuina
1023 4134 1147 4205 Madut'q‚
1174 4133 1225 4188 Sed
1248 4136 1332 4184 diuina

136 4219 182 4258 non
200 4225 231 4271 est
251 4240 298 4277 cor
323 4223 455 4293 offendat,
481 4223 561 4278 modo
585 4227 672 4290 quibus
691 4221 779 4295 paulo
805 4223 962 4294 tentqntore
984 4223 1207 4293 interpretatione
1226 4223 1263 4276 ita
1282 4238 1332 4277 ex-

131 4307 242 4380 plicemus
257 4346 345 4396 nempe
363 4348 405 4382 eas
423 4333 510 4397 quibus
589 4332 622 4385 23
641 4325 702 4397 quos
793 4347 853 4396 ergo
873 4329 912 4396 (in
930 4330 998 4396 ras.)
1084 4329 1117 4383 25
1136 4331 1223 4380 nollint
1242 4329 1332 4400 (prior

136 4396 211 4471 1Μ)
272 4419 304 4471 28
324 4421 405 4470 affecti
477 4437 543 4486 pena
