3046 5092
234 327 298 391 210
390 322 469 366 DIAL.
485 320 525 366 IX.
553 322 596 364 Ab
611 321 753 364 SERENVM
768 322 809 364 DE
822 322 1089 378 TRANQVILLITATE
1103 329 1200 373 ANIMI.
1232 336 1263 377 10.
1279 335 1312 377 11.

233 473 310 536 citra
348 473 497 556 exempla
527 472 716 549 hortentur,
754 468 956 536 consisteres
985 477 1029 537 sic
1060 484 1092 538 et
1122 476 1243 558 aliquae
1274 478 1467 560 cupiditates

233 582 371 643 animum
395 589 518 654 acuent,
542 588 574 641 et
595 579 701 642 finitae
721 598 785 641 non
805 582 836 641 in
852 583 1028 641 inmensum
1044 562 1465 666 incertumque'producent.

321 686 374 748 XI.
413 685 470 748 Ad
501 684 691 767 inperfectos
721 694 753 747 et
784 687 960 748 mediocres
991 695 1025 748 et
1054 686 1137 749 male
1166 709 1263 750 sanos
1293 693 1343 753 hic
1371 706 1498 756 meust

232 812 337 854 sermo
354 795 499 873 pertinet,
513 813 577 854 non
593 791 634 853 ad
650 794 833 874 sapientem.
861 790 933 854 huic
947 782 1011 854 non
1027 794 1136 856 timide
1152 815 1211 856 nec
1225 796 1464 878 pedetemptim

205 897 460 962 ⁶ambulandum
484 909 541 961 est.
587 907 676 961 tanta
698 900 782 960 enim
805 898 919 960 fiducia
941 900 987 960 sui
1010 908 1074 975 est,
1105 910 1140 964 ut
1163 900 1291 963 obuiam
1315 902 1466 966 fortunae

232 1007 275 1067 ire
298 1027 363 1067 non
386 1005 511 1068 dubitet
533 994 592 1066 nec
615 988 765 1085 umquam
789 1003 861 1066 loco
885 1004 925 1067 illi
949 1025 1092 1067 cessurus
1114 1010 1163 1068 sit.
1194 1007 1384 1085 nechabet,
1409 1011 1465 1073 ubi

231 1111 314 1174 illam
338 1115 465 1186 timeat,
493 1114 565 1192 quia
588 1130 652 1172 non
675 1111 828 1190 mancipia
851 1120 975 1173 tantum
999 1115 1278 1193 possessionesque
1301 1123 1334 1177 et
1357 1116 1463 1196 digni-

231 1226 348 1292 tatem,
370 1218 428 1279 sed
451 1237 566 1297 corpus
588 1236 715 1298 quoque
738 1236 829 1278 suum
854 1226 886 1279 et
909 1216 1019 1279 oculos
1042 1226 1074 1280 et
1099 1238 1227 1280 manum
1250 1228 1284 1282 et
1306 1222 1464 1304 quidquid

231 1323 383 1385 cariorem
420 1323 517 1385 uitam
553 1321 626 1384 iacit
657 1342 731 1396 usu,
770 1341 868 1403 seque
898 1323 1001 1403 ipsum
1033 1325 1113 1387 inter
1142 1329 1283 1407 precaria
1313 1336 1464 1391 numerat

193 1430 217 1472 ¹⁰
231 1427 368 1510 uiuitque
397 1436 432 1491 ut
463 1428 686 1490 commodatus
713 1425 772 1488 sibi
801 1435 833 1489 et
855 1428 1094 1509 reposcentibus
1116 1431 1184 1492 sine
1206 1429 1330 1495 tristitia
1352 1433 1462 1496 reddi-

230 1542 327 1597 turus.
373 1553 432 1596 nec
461 1532 532 1595 ideo
564 1531 630 1594 uilis
661 1541 710 1594 est
740 1532 814 1606 sibi,
847 1534 919 1614 quia
941 1532 1000 1595 s'cit
1023 1554 1057 1595 se
1079 1555 1171 1597 suum
1194 1555 1258 1597 non
1282 1557 1369 1613 esse,
1400 1540 1498 1605 sed2

221 1622 337 1701 omnia
367 1636 433 1702 tam
464 1639 629 1719 diligenter
661 1637 765 1712 saciet,
797 1648 863 1701 tam
894 1640 1136 1722 circumspecte,
1167 1660 1262 1722 quam
1293 1642 1462 1724 religiosus

229 1745 328 1808 homo
357 1754 546 1827 sanctusque
576 1744 657 1806 solet
688 1744 767 1806 tueri
797 1744 870 1806 fidei
902 1747 1081 1807 commissa.
1126 1749 1319 1830 quandoque
1348 1758 1461 1813 autem

228 1853 363 1915 reddere
394 1852 558 1926 iubebitur,
589 1872 652 1913 non
684 1860 832 1931 queretur
855 1872 927 1913 cum
951 1851 1090 1927 fortuna,
1122 1854 1180 1915 sed
1204 1855 1305 1917 dicet:
1339 1859 1462 1936 gratias

189 1961 213 2000 ¹⁵
228 1977 291 2038 ago
307 1977 380 2040 fpro
411 1979 467 2032 e0,
503 1959 590 2037 quod
621 1958 749 2038 possedi
779 1956 943 2040 habuique.
999 1957 1116 2040 magna
1145 1961 1274 2041 quidem
1305 1981 1356 2023 res
1387 1971 1497 2029 tuas3

227 2065 376 2127 mercede
399 2063 495 2138 colui,
527 2065 585 2125 sed
615 2064 688 2144 quia
711 2065 755 2124 ita
776 2063 927 2145 imperaS,
959 2066 1016 2140 do,
1048 2067 1130 2127 cedo
1151 2073 1263 2146 gratus
1285 2065 1460 2150 libensque.

227 2173 252 2233 si
275 2172 351 2251 quid
373 2170 491 2233 habere
516 2190 568 2231 me
591 2170 636 2231 tui
659 2169 803 2244 uolueris
827 2171 1006 2232 etiamnunc
1021 2171 1175 2234 seruabo:
1202 2172 1227 2233 si
1242 2171 1327 2234 aliud
1342 2172 1460 2254 placet,

228 2297 290 2357 ego
312 2298 387 2339 uero
403 2275 520 2339 factum
537 2277 758 2358 signatumque
774 2283 951 2356 argentum,
973 2257 1105 2339 domum
1121 2272 1333 2360 familiamque
1349 2300 1459 2344 meam

227 2384 345 2458 reddo,
367 2384 507 2447 restituo.
553 2382 757 2463 adpellauerit
788 2392 900 2445 natura
921 2403 1003 2466 quae
1025 2386 1111 2465 prior
1134 2385 1226 2447 nobis
1239 2386 1400 2463 credidit,
1424 2397 1458 2450 et

186 2491 213 2532 ²⁰
227 2489 299 2552 huic
328 2490 486 2552 dicemus:
501 2513 503 2516 ’
521 2491 624 2571 recipe
655 2490 794 2551 animum
827 2489 990 2553 meliorem
1014 2512 1109 2572 quam
1134 2492 1258 2554 dedisti.
1304 2513 1370 2554 non
1394 2501 1457 2556 ter-

227 2579 368 2678 giuersor
391 2618 450 2659 nec
472 2595 601 2677 refugio
632 2604 778 2676 paratum
802 2596 902 2658 habes
924 2617 944 2658 a
964 2596 1100 2673 uolente,
1122 2600 1211 2679 quod
1227 2618 1293 2660 non
1309 2600 1459 2662 sentienti

227 2704 362 2767 dedisti:
396 2703 489 2765 auser.
535 2703 648 2765 reuerti
679 2704 763 2764 unde
790 2703 911 2764 ueneris
934 2704 1010 2785 quid
1032 2692 1130 2785 graue
1153 2707 1222 2766 est?
1254 2705 1338 2768 male
1361 2708 1491 2782 uiuet,4

226 2811 364 2893 quisquis
402 2809 520 2879 nesciet
558 2810 640 2891 bene
678 2810 767 2870 mori.
812 2807 885 2871 huic
921 2812 1027 2891 itaque
1064 2795 1216 2892 primum¹
1238 2813 1283 2873 rei
1317 2813 1457 2893 pretium

225 2916 456 2979 detrahendum
488 2923 536 2977 est
566 2922 597 2975 et
630 2914 753 2994 spiritus
783 2914 863 2976 inter
886 2915 957 2976 uilia
978 2918 1201 2978 numerandus
1240 2917 1455 2996 gladzbtores,

185 3024 211 3064 ²⁵
225 3033 260 3085 ut
290 3026 333 3086 ait
357 3022 484 3097 Cicem,
516 3021 637 3082 inuisos
666 3019 836 3097 habemus,
868 3021 900 3082 si
928 3020 1017 3093 omni
1044 3021 1138 3084 modo
1169 3023 1270 3090 m'tam
1294 3024 1458 3104 inpetrare

225 3129 369 3209 cupizmt,·
383 3131 547 3207 sanemus,
564 3127 597 3188 sz‘
609 3136 816 3205 contemptum
832 3128 901 3188 eius
913 3135 1000 3207 pra'e
1020 3148 1054 3189 se
1067 3130 1192 3206 ferunt.
1226 3132 1312 3192 idern
1329 3120 1457 3194 euenire

224 3236 316 3298 nobis
339 3237 426 3298 scias.
465 3255 561 3316 saepe
584 3234 667 3295 enim
692 3254 785 3295 causa
808 3235 963 3296 moriendi
987 3243 1036 3296 est
1058 3235 1167 3298 timide
1193 3237 1282 3299 mori.
1329 3236 1486 3301 fortunat>

223 3339 291 3417 illa,
321 3362 402 3424 quae
432 3340 525 3403 ludos
555 3340 614 3402 sibi
638 3339 726 3415 facit,
756 3361 837 3422 quo,
868 3341 982 3423 inquit,
1013 3350 1046 3404 te
1069 3361 1244 3419 reseruem,
1277 3340 1398 3418 malum
1421 3352 1454 3406 et

224 3554 336 3618 exempla
354 3552 409 3605 sint
426 3569 459 3606 ea
478 3567 548 3621 quae
566 3550 628 3604 aliis
646 3549 806 3609 acciderunt
902 3552 1010 3604 2finite
1106 3537 1227 3602 inimensfi
1324 3552 1390 3605 Get
1408 3571 1452 3604 nec

224 3646 259 3711 (et
274 3640 385 3710 punctis
402 3645 524 3695 notatum
542 3643 569 3694 et
587 3635 714 3705 deletum)
822 3637 838 3692 8
862 3640 954 3705 chuid
1062 3639 1078 3692 9
1098 3641 1157 3690 iacit
1175 3658 1218 3691 usu
1236 3657 1310 3706 seque
1328 3638 1451 3712 Madut'q,

223 3744 302 3798 quem
315 3728 384 3782 utin
396 3745 428 3783 re
440 3728 508 3782 satri*
519 3726 646 3797 ambiana
658 3731 767 3780 secutus
779 3741 854 3778 sum:
870 3728 975 3777 tacturus
988 3745 1028 3793 9q3
1039 3726 1140 3795 (omnia
1153 3727 1181 3781 in
1193 3729 1306 3795 rasura)
1313 3726 1374 3785 eod.

223 3821 307 3868 nuffiat
332 3817 371 3885 (1η
389 3815 458 3885 ras.)
586 3816 619 3869 10
644 3817 827 3881 reposcentibus
851 3831 947 3868 uerum
972 3830 1031 3869 esse
1055 3816 1108 3869 uix
1126 3821 1234 3887 potest3
1261 3833 1312 3872 nec
1333 3816 1450 3888 pluralis

223 3903 372 3960 tolerabilis
396 3911 437 3959 est
455 3921 505 3960 nec
522 3905 654 3960 obiectum
673 3903 818 3973 sopilando
837 3901 941 3958 addere
960 3902 1028 3958 licet.
1065 3905 1169 3959 conieci
1186 3909 1323 3973 reposcenti
1341 3909 1449 3960 debitum

294 3994 326 4048 13
340 3996 466 4060 quand0q;
481 3993 541 4048 cod.
552 3996 756 4061 quandocumque
767 3991 851 4062 uulqo
934 3992 966 4044 14
979 3993 1045 4043 dicet
1056 3991 1222 4056 deteriores:
1238 3996 1298 4045 dicit
1332 3994 1333 3997 ’
1373 3997 1450 4051 tssita

223 4080 327 4153 Rosinq
340 4080 417 4153 apud
427 4081 612 4152 Maduiqr'um:
634 4083 677 4131 illa
761 4082 802 4132 do.
822 4081 885 4131 cedo
905 4081 998 4147 (manu
1011 4079 1129 4144 diuersa,
1142 4080 1259 4136 sednon
1271 4085 1447 4149 correctoria)

295 4171 327 4225 17
342 4172 401 4221 aliut
414 4176 434 4235 (t
446 4171 473 4224 in
488 4173 505 4221 d
517 4171 601 4238 corr.)
687 4168 721 4222 18
733 4171 825 4219 sactum
837 4165 900 4221 olim
913 4183 1002 4223 corn:
1016 4171 1076 4220 facit
1089 4169 1158 4237 (itin
1170 4168 1237 4239 ras.)
1319 4171 1353 4226 19
1367 4172 1447 4240 appel·

221 4260 307 4309 lauerit
395 4261 464 4326 prior
482 4258 521 4328 (or
539 4274 621 4323 corr„
638 4257 760 4327 fortasse
778 4271 816 4311 ex
834 4257 871 4323 us)
963 4255 997 4309 24
1022 4259 1084 4308 inter
1101 4258 1160 4308 uilia
1178 4257 1305 4331 Lt'pst'us:
1327 4259 1447 4313 imeritus

715 4352 723 4383 t

219 4412 250 4436 '¹
311 4416 346 4470 25
364 4419 526 4483 impetrare‘
584 4399 726 4488 281nqunj
