3046 5092
238 353 279 415 98
605 345 684 386 DlAL.
700 346 726 384 V.
755 345 797 385 DE
811 345 861 384 IRA
878 345 933 387 LlB.
948 345 989 385 lll.
1021 347 1051 387 14.
1070 347 1100 387 15.

153 526 158 543 ·
238 494 425 557 ebrietatem
457 495 487 555 in
518 514 607 574 rege,
643 515 738 574 quem
770 493 911 567 omnium
943 492 1024 555 oculi
1062 512 1215 575 auresque
1253 504 1469 575 sequerentur.

238 602 279 663 ad
303 600 382 662 haec
405 599 471 675 ille,
502 609 537 662 ut
560 601 655 676 scias,
687 601 801 681 inquit,
825 601 1097 681 quemadmodum
1121 620 1294 682 numquam
1319 601 1469 664 excidam

239 707 323 782 mihi,
348 706 537 788 adprobabo
563 709 625 786 iam
649 717 681 769 et
701 707 810 770 oculos
826 717 900 790 post
916 708 1021 769 uinum
1046 709 1076 768 in
1092 706 1197 770 officio
1213 728 1284 770 esse
1299 717 1332 770 et
1349 729 1469 772 manus.

238 815 319 876 bibit
347 816 462 877 deinde
493 814 648 878 liberalius
687 836 782 897 quam
815 815 889 878 alias
929 815 1144 898 capacioribus
1181 815 1310 899 scyphis
1342 824 1376 877 et
1407 816 1469 878 iam
1487 826 1517 881 Ξ

213 924 345 1004 5ςταυὶε
369 944 407 985 ac
430 921 608 985 uinolentus
632 923 843 1003 obiurgatoris
874 923 919 986 sui
942 922 1039 985 filium
1062 924 1238 1005 procedere
1261 922 1343 986 ultra
1373 922 1470 986 limen

240 1029 327 1091 iubet
359 1029 569 1111 adleuataque
600 1050 694 1111 super
717 1039 812 1112 eaput
834 1031 957 1093 sinistra
981 1051 1076 1093 manu
1100 1039 1192 1094 stare.
1237 1037 1314 1091 tunc
1336 1029 1471 1093 intendit

240 1157 347 1198 arcum
372 1146 404 1197 et
427 1128 529 1218 ipsum
554 1157 609 1198 cor
632 1135 857 1211 adulescentis,
882 1138 913 1199 id
937 1137 1020 1199 enim
1044 1145 1154 1217 petere
1176 1156 1211 1198 se
1235 1137 1378 1212 dixerat,
1402 1135 1470 1218 figit

239 1244 436 1326 rescissoque
465 1253 597 1326 pectore
627 1243 761 1306 haerens
792 1244 822 1305 in
852 1245 921 1326 ipso
953 1245 1050 1306 corde
1083 1244 1236 1331 spiculum
1268 1245 1410 1307 ostendit
1433 1265 1470 1308 ac

241 1351 408 1432 respiciens
431 1361 555 1432 patrem
579 1351 792 1433 interrogauit,
815 1353 931 1414 satisne
955 1360 1073 1413 certam
1097 1351 1231 1414 haberet
1251 1371 1391 1414 manum.
1437 1361 1469 1415 at

204 1483 227 1524 ro
242 1456 292 1520 ille
321 1457 448 1539 negauit
480 1457 664 1540 Apollinem
695 1459 837 1540 potuisse
868 1459 982 1520 certius
1020 1459 1153 1521 mittere.
1200 1459 1230 1520 di
1261 1457 1348 1537 illum
1388 1458 1495 1522 malet

242 1565 377 1646 perdant
400 1565 505 1626 animo
530 1566 631 1645 magis
662 1586 757 1647 quam
783 1565 968 1627 condicione
1000 1566 1207 1647 mancipium!
1242 1567 1306 1628 eius
1338 1567 1383 1627 rei
1404 1565 1468 1629 lau-

189 1706 191 1710 *
243 1672 337 1734 dator
374 1670 446 1746 suit,
494 1675 578 1734 cuius
616 1675 706 1734 nimis
746 1682 813 1735 erat
851 1681 1066 1755 spectatorem
1106 1671 1206 1734 fuisse.
1269 1675 1469 1736 occasionem

242 1779 465 1841 blanditiarum
498 1782 620 1862 putauit
650 1789 761 1862 pectus
789 1778 841 1841 filii
871 1783 901 1842 in
934 1782 1012 1842 duas
1035 1788 1141 1862 partes
1165 1781 1328 1842 diductum
1360 1789 1393 1842 et
1417 1801 1471 1843 cor

243 1886 303 1949 sub
327 1886 456 1948 uolnere
479 1887 643 1969 palpitans.
690 1891 938 1950 controuersiam
968 1872 1011 1950 illi
1042 1885 1145 1949 iacere
1169 1889 1210 1949 de
1238 1886 1340 1968 gloria
1359 1874 1472 1951 vdebuit

206 2017 230 2056 ιε)
245 2004 277 2057 et
300 2014 448 2056 reuocare
465 1996 594 2070 iactum,
607 2004 653 2079 ut
676 1997 742 2075 regi
765 1994 876 2057 liberet
898 1998 928 2058 in
952 1980 1025 2078 ipso
1041 2004 1132 2077 patre
1149 1997 1316 2057 certiorem
1342 2016 1472 2058 manum

246 2102 424 2164 ostendere.
471 2122 491 2163 o
523 2121 632 2182 regem
672 2107 855 2164 cruentum!
897 2124 917 2164 o
957 2103 1087 2183 dignum
1126 2104 1156 2163 in
1195 2122 1290 2183 quem
1329 2105 1505 2168 omniuml

246 2229 374 2272 suorum
399 2229 488 2271 arcus
512 2205 737 2271 uerterenturl·
768 2231 840 2271 eum
872 2211 1011 2272 execrati
1041 2208 1190 2271 fuerimus
1220 2207 1304 2271 illum
1328 2210 1475 2272 conuiuia

215 2349 216 2352 ¹
247 2314 402 2398 suppliciis
434 2315 654 2397 funeribusque
685 2315 878 2392 soluentem,
918 2327 1026 2379 tamen
1057 2315 1236 2379 sceleratius
1267 2314 1367 2378 telum
1399 2315 1474 2379 illud

170 2463 172 2473 ·
247 2421 409 2485 laudatum
434 2432 482 2484 est
505 2443 600 2504 quam
624 2426 763 2487 missum.
809 2424 985 2486 uidebimus
1001 2424 1167 2504 quomodo
1190 2444 1225 2486 se
1247 2432 1340 2506 pater
1362 2444 1476 2505 gerere

208 2550 234 2589 ro
249 2529 393 2591 debuerit
423 2537 509 2591 stans
540 2549 634 2611 super
664 2531 801 2593 cadauer
830 2529 883 2592 filii
914 2532 960 2593 sui
991 2532 1184 2612 caedemque
1208 2529 1309 2605 illam,
1333 2532 1421 2593 cuius
1444 2539 1477 2593 et

248 2639 335 2699 testis
359 2635 459 2700 suerat
483 2645 515 2698 et
538 2657 647 2699 causa:
675 2638 706 2698 id
731 2639 771 2699 de
795 2658 858 2718 quo
881 2658 964 2699 nunc
987 2639 1105 2718 agitur,
1134 2646 1273 2720 apparet,
1297 2638 1376 2699 iram
1402 2659 1476 2721 sup-

247 2745 339 2826 primi
354 2764 457 2824 posse.
497 2763 560 2805 non
577 2743 741 2805 maledixit
758 2747 832 2826 regi,
848 2743 966 2806 nullum
984 2746 1086 2806 emisit
1101 2765 1141 2804 ne
1157 2742 1332 2806 calamitosi
1346 2742 1478 2826 quidem
1498 2758 1513 2810 ὁ

249 2849 390 2924 uerbum,
415 2870 486 2910 cum
503 2871 603 2932 aeque
628 2871 682 2912 cor
698 2871 794 2912 suum,
809 2871 905 2932 quam
928 2850 980 2912 filii
995 2849 1182 2913 transfixum
1199 2852 1328 2912 uideret.
1366 2859 1479 2932 potest

250 2958 310 3018 dici
332 2960 445 3018 merito
470 2958 641 3019 deuolasse
665 2957 770 3019 uerba.
814 2979 888 3020 nam
912 2960 937 3019 si
953 2957 1026 3039 quid
1043 2966 1206 3039 tamquam
1223 2959 1317 3045 iratus
1334 2957 1479 3033 dixisset,

209 3084 235 3123 25
250 3062 323 3125 nihil
361 3073 525 3145 tamquam
563 3072 654 3146 pater
692 3062 795 3126 facere
832 3066 994 3147 potuisset.
1040 3073 1164 3147 potest,
1203 3066 1357 3146 inquam'
1378 3064 1517 3130 uiderit

250 3172 419 3251 sapientius
442 3192 477 3233 se
505 3174 535 3233 in
566 3168 618 3234 illo
643 3193 716 3234 casu
748 3174 899 3252 gessisse,
932 3193 1026 3253 quam
1052 3193 1122 3234 cum
1148 3172 1189 3233 de
1218 3172 1352 3253 potandi
1375 3173 1481 3234 modo

250 3280 445 3358 praeciperet
473 3280 515 3354 ei,
541 3299 635 3360 quem
659 3281 755 3340 satius
779 3287 847 3340 erat
878 3281 983 3340 uinum
1015 3299 1110 3360 quam
1141 3279 1326 3358 sanguinem
1356 3276 1482 3353 bibere,

251 3386 336 3445 cuius
353 3405 464 3446 manus
485 3386 606 3466 poculis
623 3390 768 3467 occupari
784 3408 848 3468 pax
867 3396 954 3448 erat:
981 3388 1112 3448 accessit
1132 3388 1237 3467 itaque
1253 3385 1294 3446 ad
1309 3404 1482 3447 numerum

252 3511 372 3564 eorum,
396 3494 449 3572 qui
473 3495 595 3573 magnis
620 3491 761 3555 cladibus
784 3494 1001 3569 ostenderunt,
1027 3487 1135 3574 quanti
1159 3500 1342 3554 constarent
1365 3511 1483 3572 regum

213 3616 239 3655 ao
254 3599 361 3660 amicis
385 3599 471 3660 bona
494 3598 631 3662 consilia.

344 3706 416 3767 XV.
462 3707 535 3768 Non
565 3708 676 3769 dubito
706 3709 780 3788 quin
812 3708 981 3788 Harpagus
1012 3725 1139 3786 quoque
1170 3704 1233 3767 tale
1263 3702 1380 3786 aliquid
1416 3707 1517 3788 regii

254 3834 312 3874 suo
344 3814 573 3896 Persarumque
610 3816 753 3889 suaserit,
793 3797 858 3897 quo
897 3813 1038 3876 offensus
1068 3812 1185 3874 liberos
1225 3811 1265 3874 illi
1304 3809 1488 3894 epulandos

255 4029 407 4096 3appbab0
428 4029 454 4096 (p
470 4029 550 4096 prior
569 4027 653 4095 corr.)
726 4027 743 4079 4
765 4028 836 4076 riam
855 4025 880 4080 Ιι.
901 4043 923 4081 e.
943 4028 1017 4075 etiam
1037 4025 1063 4077 th
1083 4040 1140 4078 ras.
1214 4023 1229 4077 5
1249 4026 1307 4074 uino
1325 4024 1408 4074 lentus

256 4119 271 4172 6
292 4122 432 4193 ableuataq;
529 4118 545 4172 8
565 4119 694 4184 rescissoq3
716 4116 791 4189 (post
809 4134 824 4166 ο
843 4115 953 4169 uidetur
971 4134 982 4165 s
998 4113 1097 4182 fuisse)
1184 4112 1200 4165 9
1219 4115 1310 4164 satisne
1328 4119 1427 4164 certam
1448 4116 1491 4182 (ne

256 4228 269 4260 c
288 4210 314 4262 iu
334 4211 401 4274 rus.)
420 4251 422 4257 .
476 4209 527 4261 *10
546 4208 581 4256 dii
673 4208 704 4259 ll
726 4207 859 4257 condicioe
878 4205 902 4271 (c
921 4203 951 4257 al
962 4245 968 4258 .
987 4209 1014 4258 et
1033 4210 1047 4256 ἔ
1066 4204 1150 4270 corr.)
1243 4201 1275 4256 14
1294 4203 1395 4253 uulnere

256 4299 290 4350 24
309 4300 441 4348 deuorasse
460 4300 508 4364 (sse
527 4298 552 4350 r'u
573 4298 642 4362 ras.)
739 4297 818 4345 namsi
838 4295 860 4361 (s
878 4296 961 4361 corr.)
1058 4294 1117 4357 quid
1137 4293 1164 4357 (d
1183 4293 1267 4358 corr.)
1371 4291 1407 4347 26
1429 4311 1492 4344 casu

257 4388 293 4452 (su
307 4391 389 4452 corr.)
474 4387 508 4440 27
522 4390 544 4437 ei
558 4385 665 4440 addidit
677 4384 771 4439 Haase
856 4384 889 4436 28
908 4385 1025 4449 occupari
1044 4384 1090 4449 (ari
1110 4383 1137 4435 r'rt
1156 4385 1222 4447 ras.)
1295 4380 1328 4434 31
1350 4383 1491 4449 Harpagus

257 4476 329 4551 (ipit,
350 4477 426 4530 edri:
448 4480 564 4543 harpalus
861 4496 864 4501 >
