3046 5092
218 313 352 356 uinum.
381 312 1033 354 nuuuuvmrrnrnrueuuacousotnmunu.
1062 313 1116 354 ts.
1213 314 1276 374 249

39 466 185 526 tmiseros
215 457 319 523 solent
350 458 460 521 facere.
506 479 571 520 non
602 467 666 533 est,
697 461 783 540 quod
815 460 857 520 de
885 479 936 520 me
959 457 1025 520 aliis
1048 457 1177 518 credas:
1211 457 1278 537 ipse

62 570 122 644 tibi,
149 588 191 630 ne
214 566 291 648 quid
313 565 437 627 incertis
460 565 658 647 opinionibus
681 566 887 647 perturberiS,
919 565 1022 626 indico
1046 584 1185 641 menon
1209 583 1278 624 esse

11 658 15 665 ⁵
60 677 211 738 miserum.
257 673 406 746 adiciam,
438 691 502 753 quo
534 671 671 733 securior
701 673 757 744 sis,
790 691 830 732 ne
860 669 924 732 fieri
956 671 1085 751 quidem
1109 689 1160 732 me
1183 689 1278 750 posse

14 792 17 800 '
59 783 212 844 miserum.

34 903 44 954 1
139 887 183 954 V.
214 887 305 949 Bona
327 885 514 948 condicione
537 886 780 973 geniti'sumuS,
811 887 837 947 si
861 906 931 947 eam
955 904 1018 945 non
1043 882 1305 945 deseruerimuss

56 995 80 1058 id
105 995 173 1075 egit
196 1013 301 1057 rerum
325 1001 450 1066 natura,
474 1000 508 1053 ut
532 992 573 1053 ad
596 991 679 1053 bene
702 992 871 1053 uiuendum
896 1011 960 1052 non
984 1011 1102 1071 magno
1125 992 1280 1070 adparatu

55 1123 132 1184 opus
171 1107 274 1162 esset:
325 1099 535 1179 unusquisque
574 1096 677 1160 iacere
712 1109 747 1159 'se
781 1097 911 1160 beatum
942 1105 1057 1179 potest.
1111 1095 1180 1159 leue
1211 1117 1279 1158 mo-

43 1217 197 1270 'mentum
229 1206 259 1267 in
283 1205 466 1268 aduenticiis
490 1204 583 1266 rebus
608 1214 655 1266 est
680 1213 711 1266 et
735 1205 822 1285 quod
846 1206 876 1266 in
900 1213 1042 1266 neutram
1066 1212 1189 1285 partem
1214 1223 1279 1265 ma-

54 1334 130 1396 gnas
154 1314 238 1374 uires
261 1295 397 1373 habeat:
431 1331 490 1372 nec
513 1312 652 1373 secunda
682 1312 857 1393 sapientem
889 1311 1028 1373 euehunt
1059 1331 1117 1372 nec
1148 1312 1281 1373 aduersa

55 1422 234 1483 demittunt
280 1417 437 1479 laborauit
468 1417 550 1479 enim
582 1438 723 1499 semper,
756 1428 790 1480 ut
820 1419 850 1479 in
881 1438 916 1479 se
946 1416 1114 1498 plurimum
1139 1427 1280 1499 poneret,
1298 1435 1321 1476 u

27 1537 86 1592 tut
109 1549 129 1589 a
153 1547 189 1588 se
213 1545 309 1588 omne
333 1524 482 1605 gaudium
513 1533 644 1606 peteret.
690 1524 764 1606 quid
796 1518 895 1604 ergo?
926 1527 1100 1607 sapientem
1133 1545 1202 1586 esse
1230 1545 1282 1585 me

54 1634 146 1696 dico?
179 1632 316 1694 minime.
362 1651 447 1715 nam¹
466 1632 498 1693 id
529 1632 657 1712 quidem
686 1632 710 1693 si
733 1630 873 1713 profiteri
896 1652 1040 1714 possem,
1071 1652 1136 1692 non
1157 1640 1281 1693 tantum

53 1760 206 1822 negarem
231 1739 379 1801 miserum
403 1758 473 1801 esse
496 1759 556 1813 me,
579 1739 637 1800 sed
661 1739 801 1800 omnium
825 1736 1105 1800 fortunatissimum
1130 1746 1162 1799 et
1184 1739 1214 1799 in
1237 1739 1280 1799 ui-

54 1849 158 1910 cinum
182 1847 246 1908 deo
269 1847 457 1928 perductum
480 1846 715 1927 praedicarem:
750 1865 840 1920 nunc,
864 1846 951 1926 quod
967 1845 1042 1906 satis
1058 1854 1106 1906 est
1122 1845 1162 1905 ad
1180 1844 1282 1905 omnis
1347 1857 1350 1864 ·

54 1955 195 2017 miserias
218 1952 387 2027 leniendas,
410 1952 602 2032 sapientibus
626 1972 678 2013 me
701 1952 772 2014 uiris
789 1952 863 2013 dedi
879 1961 911 2013 et
927 1952 1069 2013 nondum
1086 1955 1116 2014 in
1132 1950 1282 2013 auxilium
1300 1967 1322 2005 ¹⁵

55 2062 117 2123 mei
140 2059 262 2122 ualidus
284 2060 315 2120 in
339 2059 440 2120 aliena
463 2067 565 2120 castra
588 2057 730 2139 confugi,
761 2079 872 2120 eorum
896 2057 1028 2133 scilicet,
1052 2060 1104 2140 qui
1133 2057 1222 2120 facile
1249 2078 1284 2118 se

22 2179 92 2233 3ac
115 2187 191 2229 suos
214 2174 349 2227 tuentur.
389 2163 429 2226 illi
453 2185 505 2226 me
528 2167 682 2227 iusserunt
704 2174 788 2227 stare
811 2166 942 2227 adsidue
966 2164 1051 2227 uelut
1074 2165 1103 2225 in
1127 2165 1284 2246 praesidio

54 2279 196 2356 positum
228 2282 260 2335 et
291 2273 394 2333 omnis
425 2281 556 2333 conatus
587 2271 731 2333 fortunae
762 2282 793 2334 et
825 2272 927 2334 omnis
957 2273 1081 2354 inpetus
1104 2271 1284 2353 prospicere

56 2379 159 2443 multo
182 2388 375 2459 antequam
399 2378 563 2440 incurrant.
601 2378 658 2440 illis
682 2380 787 2459 grauis
810 2387 868 2454 est,
891 2379 1005 2459 quibus
1029 2379 1191 2460 repentina
1214 2386 1280 2438 est:

56 2486 146 2551 facile
169 2506 240 2574 eam
264 2486 403 2560 sustinet,
427 2485 479 2565 qui
502 2506 629 2567 semper
653 2495 811 2568 expectat.
850 2506 924 2548 nam
949 2495 981 2547 et
1003 2486 1141 2547 hostium
1166 2486 1282 2547 aduen-
1298 2497 1324 2537 20

55 2605 107 2657 tus
137 2614 195 2656 eos
225 2593 411 2674 prosternit,
443 2613 523 2673 quos
554 2593 741 2685 inopinantis
772 2593 957 2674 occupauit:
992 2602 1025 2654 at
1048 2594 1101 2673 qui
1123 2591 1226 2654 futuro
1251 2609 1285 2651 se

55 2700 142 2763 bello
173 2709 247 2762 ante
278 2699 396 2761 bellum
428 2709 632 2787 parauerunt,
671 2701 829 2780 conpositi
859 2709 891 2761 et
921 2700 1020 2782 aptati
1051 2699 1202 2781 primum,
1233 2699 1285 2778 qui

22 2807 357 2871 ttumultuosissimus
387 2815 450 2881 est,
482 2807 579 2868 ictum
603 2805 691 2869 facile
715 2807 882 2888 excipiunt.
929 2826 1102 2887 numquam
1135 2825 1197 2885 ego
1222 2803 1283 2865 for-

56 2926 152 2978 tunae
175 2914 303 2988 credidi,
327 2913 423 2974 etiam
447 2933 518 2974 cum
542 2914 700 2975 uideretur
722 2934 835 2995 pacem
860 2933 962 2993 agere.
1002 2913 1109 2975 omnia
1123 2910 1181 2985 illa,
1205 2929 1285 2990 quae

56 3024 87 3084 in
111 3042 164 3084 me
186 3020 454 3101 indulgentissime
478 3019 677 3095 conserebat,
700 3021 882 3100 pecuniam,
905 3020 1058 3093 honoreS,
1082 3018 1221 3100 gratiam,
1246 3037 1285 3078 eo
1300 3031 1326 3070 2⁵

56 3129 129 3191 loco
161 3128 268 3209 posui,
307 3128 391 3189 unde
421 3137 531 3209 posset
561 3128 627 3189 sine
654 3136 744 3189 motu
775 3147 849 3189 meo
885 3137 1060 3208 repetere.v
1089 3122 1285 3187 interuallum
1362 3189 1365 3195 ,

57 3236 138 3299 inter
169 3234 222 3296 illa
244 3243 278 3297 et
300 3254 352 3296 me
376 3254 528 3314 magnum
552 3233 655 3296 habui.
701 3235 806 3315 itaque
829 3233 957 3296 abstulit
980 3232 1046 3310 illa,
1077 3252 1141 3294 non
1165 3230 1285 3293 auolsit.

57 3343 217 3405 neminem
249 3341 382 3402 aduersa
412 3339 538 3403 fortuna
561 3335 760 3415 comminuit,
791 3341 849 3402 nisi
871 3361 967 3422 quem
990 3340 1130 3402 secunda
1153 3339 1287 3420 decepit.

25 3449 97 3512 silli
120 3449 173 3530 qui
197 3467 328 3509 munera
351 3447 416 3509 eius
440 3446 524 3510 uelut
547 3467 604 3509 sua
627 3456 659 3509 et
682 3455 835 3527 perpetua
858 3456 1059 3521 amauerunt,
1087 3447 1197 3526 quise
1220 3467 1285 3508 sus-

57 3558 118 3641 pici
141 3563 274 3636 propter
296 3553 347 3615 illa
363 3553 537 3630 uoluemnt,
561 3554 663 3616 iacent
679 3564 711 3615 et
727 3563 878 3628 maerent,
902 3559 974 3616 cum
990 3573 1089 3615 uanos
1106 3561 1138 3614 et
1153 3553 1287 3634 pueriles
1301 3565 1327 3604 ³0

58 3664 191 3735 animos,
212 3661 317 3746 omnis
340 3659 459 3744 solidae
483 3659 652 3741 uoluptatis
675 3661 815 3740 ignaros,
839 3659 916 3721 falsa
939 3669 971 3722 et
995 3659 1124 3721 mobilia
1147 3659 1285 3721 oblecta-

59 3778 169 3832 menta
199 3767 390 3830 destituunt:
425 3775 458 3828 at
488 3765 553 3840 ille,
584 3767 636 3846 qui
667 3787 701 3827 se
725 3765 814 3829 laetis
845 3767 938 3828 rebus
969 3787 1033 3828 non
1065 3765 1199 3840 inflauit,
1229 3786 1288 3827 nec

60 3877 188 3953 mutatis
219 3871 385 3936 contrahit.
439 3873 589 3958 aduersus
620 3881 787 3953 utrumque
818 3881 936 3934 statum
967 3872 1117 3934 inuictum
1148 3873 1287 3934 animum

16 3995 18 3997 ’
59 3990 147 4045 tenet
171 3979 358 4062 exploratae
380 3981 443 4040 iam
465 3976 629 4041 firmitatis
668 3999 742 4040 nam
766 3979 797 4040 in
819 3980 887 4061 ipsa
910 3977 1056 4040 felicitate
1079 3979 1155 4059 quid
1179 3986 1288 4039 contra

29 4086 271 4150 tinselicitatem
295 4083 422 4160 ualeret,
446 4095 597 4167 expertus
615 4094 677 4147 est.
718 4085 823 4166 itaque
846 4105 908 4166 ego
932 4086 962 4146 in
985 4083 1049 4159 illis,
1070 4105 1152 4165 quae
1175 4104 1287 4146 omnes
1302 4099 1327 4139 ³5

61 4213 234 4220 ..-..—-—--
240 4213 269 4218 .--

60 4282 216 4347 fiapparatu
306 4277 385 4330 9nec
405 4259 437 4326 de
458 4278 565 4342 secunda
657 4279 686 4329 ii
714 4285 806 4328 utnse
821 4274 917 4330 Gertz:
939 4280 988 4326 uita
1007 4293 1060 4326 se·
1124 4275 1157 4332 18
1182 4279 1287 4346 impetus

131 4421 164 4476 31
185 4377 291 4488 uolupiis

51 4540 69 4596 4Ι
