3046 5092
330 334 407 375 DIAL.
418 333 470 377 XII.
500 335 540 375 AD
556 334 707 375 POLYBIVM
726 333 764 374 Dr:
779 331 1022 377 CONSOLATIONE'.
1050 337 1070 377 4.
1085 336 1106 377 5.
1266 339 1330 399 275

110 483 196 563 quod
219 502 315 564 saepe
338 480 516 543 laciendum
541 489 597 556 est,
621 489 654 542 et
677 479 884 561 respicientes,
909 488 1061 560 quantum
1085 489 1211 562 atergo
1227 500 1332 542 rerum

109 591 243 651 tristium
263 589 422 662 inmineat,
445 590 469 650 si
486 609 550 649 non
565 587 652 649 finire
669 586 821 663 lacrimas,
843 596 876 650 at
892 597 977 650 certe
993 608 1153 649 reseruare
1170 587 1333 650 debemus.

110 695 181 758 nulli
212 697 405 777 parcendum
438 704 487 757 est
518 696 560 756 rei
593 697 694 775 magis
726 715 823 774 quam
854 693 941 768 huic,
974 695 1059 756 cuius
1090 704 1156 756 tam
1187 693 1334 773 frequens
1393 707 1395 711 ‘
1433 672 1435 677 .

110 824 183 866 usus
207 810 263 865 est.

74 937 91 986 l
202 909 242 972 V.
281 909 361 971 Illud
392 930 518 989 quoque
538 919 582 972 ·te
612 930 676 971 non
708 910 872 971 minimum
896 908 1066 982 adiuuerit,
1097 907 1122 969 si
1146 907 1335 988 cogitaueris
1362 927 1374 964 s

111 1015 184 1078 nulli
216 1017 317 1078 minus
348 1024 474 1096 gratum
505 1037 574 1078 esse
605 1015 749 1078 dolorem
780 1026 870 1077 tuum
902 1034 997 1095 quam
1029 1015 1074 1089 ei,
1107 1015 1154 1076 cui
1185 1015 1336 1095 praestari

111 1124 253 1185 uidetur:
287 1124 425 1202 torqueri
456 1122 506 1184 ille
537 1132 569 1185 te
601 1132 654 1187 aut
685 1144 750 1185 non
780 1123 846 1184 uult
874 1133 928 1185 aut
959 1144 1023 1183 non
1046 1121 1218 1202 intellegit·
1252 1120 1337 1183 nulla

112 1232 216 1310 itaque
240 1231 304 1291 eius
329 1228 421 1291 olfieii
445 1231 523 1291 ratio
548 1240 612 1304 est,
636 1232 724 1310 quod
748 1232 783 1306 ei,
808 1231 856 1291 cui
879 1239 1064 1310 praestatur,
1088 1230 1113 1291 si
1137 1228 1210 1289 nihil
1233 1230 1336 1303 sentit,

20 1357 23 1361 ·
76 1356 341 1418 2superuacuum
366 1345 422 1412 est,
446 1339 471 1398 si
495 1338 597 1411 sentit,
621 1337 779 1418 ingratum
804 1345 860 1399 est.
908 1339 979 1414 [24]
1004 1338 1163 1397 neminem
1180 1356 1249 1397 esse
1266 1343 1337 1396 toto

113 1442 192 1505 orbe
215 1453 378 1518 terrarum,
402 1444 454 1522 qui
479 1443 653 1505 delectetur
668 1443 803 1506 lacrimis
819 1444 887 1518 tuis,
913 1444 1061 1504 audacter
1079 1442 1222 1504 dixerim.
1261 1442 1337 1522 quid
1355 1457 1377 1496 10

114 1554 210 1630 ergo?
249 1570 344 1630 quem
368 1569 464 1610 nemo
488 1550 639 1612 aduersus
663 1559 695 1611 te
719 1551 858 1612 animum
882 1551 970 1630 gerit,
995 1569 1067 1610 eum
1092 1569 1161 1610 esse
1184 1558 1217 1610 tu
1235 1549 1337 1610 credis

114 1657 214 1719 fratris
238 1657 290 1730 tui,
315 1664 348 1717 ut
372 1657 509 1720 cruciatu
532 1659 576 1718 tui
600 1667 714 1719 noceat
737 1658 802 1731 tibi,
827 1666 861 1718 ut
884 1666 916 1719 te
940 1656 1015 1717 uelit
1037 1656 1195 1717 abducere
1218 1655 1259 1716 ab
1283 1675 1336 1717 oc-

115 1764 333 1845 cupationibus
357 1765 425 1839 tuiS,
450 1765 480 1826 id
505 1772 553 1826 est
576 1785 595 1825 a
618 1763 722 1826 studio
745 1771 779 1825 et
795 1785 813 1825 a
830 1761 986 1824 Caesare?
1018 1783 1082 1823 non
1098 1771 1147 1824 est
1162 1760 1224 1822 hoc
1240 1760 1339 1850 simile

116 1871 187 1934 ueri.
233 1870 284 1932 ille
307 1872 390 1933 enim
414 1871 641 1951 indulgentiam
664 1871 720 1932 tibi
744 1879 908 1949 tamquam
933 1869 1017 1931 fratri
1040 1869 1212 1950 praestitit,
1244 1888 1336 1929 uene-

116 1979 269 2039 rationem
285 1985 449 2057 tamquam
465 1979 594 2059 parenti,
610 1977 730 2039 cultum
746 1956 909 2057 tamquam
926 1977 1084 2056 superiori.
1116 1975 1166 2035 ille
1183 1975 1338 2036 desiderio
1356 1990 1379 2028 ¹5

116 2084 170 2144 tibi
199 2104 269 2145 esse
300 2084 381 2158 uult,
413 2093 575 2146 tormento
600 2105 755 2146 essenon
780 2083 853 2145 uult.
901 2083 975 2162 quid
999 2082 1105 2162 itaque
1128 2082 1213 2143 iuuat
1237 2080 1339 2143 dolori

116 2191 324 2264 intabescere,
356 2211 468 2270 quem,
499 2192 524 2252 si
553 2192 622 2270 quis
645 2190 798 2253 defunctis
821 2211 931 2252 sensus
955 2198 1019 2263 est,
1051 2188 1128 2250 finiri
1151 2187 1245 2250 frater
1268 2198 1339 2249 tuus

85 2298 221 2378 3cupit?
261 2299 302 2358 de
325 2298 386 2358 alio
410 2296 518 2372 fratre,
544 2299 629 2359 cuius
653 2299 771 2359 incerta
794 2284 903 2377 posset
927 2295 1072 2358 uoluntas
1096 2296 1209 2369 uideri,
1233 2295 1341 2355 omnia

117 2403 194 2465 haec
212 2400 320 2465 ¹dubie
350 2424 503 2484 ponerem
535 2413 567 2467 et
597 2405 752 2466 dicerem:
787 2405 853 2465 siue
876 2414 909 2466 te
932 2404 1070 2483 torqueri
1093 2401 1226 2464 lacrimis
1249 2421 1338 2462 num-

119 2530 212 2589 quam
237 2511 450 2572 desinentibus
473 2510 568 2572 srater
591 2521 661 2571 tuus
685 2512 779 2590 cupit,
803 2510 948 2590 indignus
972 2511 1035 2571 hoc
1057 2507 1182 2570 adfectu
1206 2518 1261 2568 tuo
1284 2515 1340 2568 est.
1354 2520 1380 2560 20

119 2618 182 2679 siue
206 2638 271 2678 non
293 2617 369 2691 uult,
393 2619 515 2697 utrique
539 2626 678 2678 uestrum
702 2616 916 2678 inhaerentem
942 2616 1087 2677 dolorem
1109 2615 1251 2676 dimitte:
1283 2633 1342 2674 nec

119 2725 216 2806 inpius
248 2724 343 2785 frater
373 2725 417 2786 sic
448 2724 617 2793 desiderari
641 2722 739 2784 debet
761 2743 821 2784 nec
842 2725 911 2804 pius
934 2723 979 2785 sic
1002 2722 1084 2785 uelit
1123 2723 1153 2782 in
1174 2721 1237 2782 hoc
1256 2740 1342 2795 uera,

121 2830 204 2892 cuius
227 2840 293 2893 tam
318 2830 486 2910 explorata
509 2831 608 2911 pietas
632 2839 687 2904 est,
711 2850 770 2910 pro
795 2839 881 2891 certo
905 2829 1088 2890 habendum
1112 2838 1160 2890 est
1183 2827 1256 2888 nihil
1273 2847 1343 2888 esse

12 3010 14 3015 y
119 2936 157 2998 illi
188 2958 284 3018 posse
314 2937 456 2999 acerbius
487 2957 583 3016 quam
607 2938 632 2998 si
656 2936 712 2998 tibi
735 2935 785 2997 hic
808 2956 898 2997 casus
923 2937 987 2997 eius
1010 2935 1142 2996 acerbus
1167 2943 1229 3008 est,
1261 2934 1285 2994 si
1309 2942 1342 2995 te

120 3043 181 3105 ullo
206 3045 305 3106 modo
329 3053 472 3124 torquet,
504 3044 529 3104 si
554 3043 663 3105 oculos
686 3051 773 3117 tuos,
806 3043 1039 3122 indignissimos
1063 3041 1125 3102 hoc
1150 3040 1250 3114 malo,
1275 3041 1341 3100 sine
1356 3056 1382 3094 aa

121 3149 182 3211 ullo
206 3150 301 3212 flendi
324 3150 386 3211 fine
410 3159 442 3212 et
466 3151 636 3211 conturbat
658 3150 744 3211 idem
768 3157 800 3211 et
824 3149 977 3211 exhaurit.

86 3276 103 3327 4
208 3257 362 3318 Pietatem
393 3265 500 3318 tamen
532 3266 619 3319 tuam
651 3255 724 3316 nihil
756 3276 856 3336 aeque
888 3276 906 3317 a
937 3255 1071 3316 lacrimis
1095 3264 1161 3316 tam
1185 3253 1343 3316 inutilibus

121 3363 266 3438 abducet,
290 3383 386 3443 quam
410 3364 435 3424 si
458 3364 645 3443 cogitaueris
668 3361 814 3425 fratribus
838 3372 870 3423 te
892 3362 952 3425 tuis
974 3362 1124 3442 exemplo
1141 3381 1210 3422 esse
1227 3358 1344 3421 debe‘re

121 3470 240 3531 sortiter
264 3469 345 3530 hanc
364 3469 508 3531 fortunae
524 3470 663 3530 iniuriam
680 3470 860 3532 sustinendi.
892 3470 977 3549 quod
996 3470 1091 3530 duces
1109 3467 1344 3548 magnifaciunt

121 3577 214 3637 rebus
238 3576 377 3650 adfectiS,
401 3586 436 3637 ut
459 3575 648 3637 hilaritatem
673 3578 713 3637 de
736 3576 887 3637 industria
909 3574 1057 3665 simulent
1080 3585 1112 3637 et
1128 3575 1277 3636 aduersas
1295 3592 1345 3634 res
1359 3588 1385 3627 30

122 3678 311 3744 adumbrata
333 3683 450 3744 laetitia
474 3683 681 3757 abscondant,
704 3703 745 3744 ne
769 3683 901 3745 militum
926 3683 1029 3757 animi,
1052 3682 1077 3744 si
1101 3679 1233 3743 fractam
1257 3679 1346 3759 ducis

123 3913 193 3966 2ac
212 3911 316 3966 recteD
335 3930 364 3962 ac
383 3910 489 3965 eerteE
570 3911 630 3963 7te
648 3919 728 3961 autem
747 3909 837 3962 nonB
928 3910 960 3980 12
985 3919 1011 3961 ut
1029 3917 1052 3961 te
1070 3911 1127 3984 uelit
1140 3908 1226 3979 Naap.
1246 3915 1271 3958 ut
1290 3925 1305 3958 a
1324 3913 1347 3958 te

124 4004 181 4051 uelit
201 4001 227 4055 B
245 4009 268 4052 et
287 4003 380 4066 priuate
399 4002 460 4051 nolit
472 3999 498 4053 D
517 4007 539 4050 et
558 4002 653 4066 priuate
666 4002 722 4050 uelit
735 3998 763 4053 Ε
815 4061 819 4071 ¹
851 4000 884 4052 16
903 4001 984 4051 dolori
1000 3999 1024 4052 B
1039 4002 1132 4049 doloris
1144 3997 1170 4051 D
1183 3999 1310 4048 doloribus
1324 3995 1351 4049 Ε

214 4090 247 4143 17
267 4092 386 4140 defunctis
399 4087 523 4143 Muretus
539 4091 646 4140 defuncti
659 4087 740 4143 RBE
830 4087 860 4142 19
880 4090 955 4138 dubie
967 4091 1008 4140 E*
1026 4107 1075 4138 non
1095 4090 1169 4138 dubie
1183 4084 1263 4140 BDE

125 4179 156 4231 21
174 4187 278 4230 uestrum
292 4178 379 4249 Neap.
393 4187 502 4229 nostrum
520 4177 599 4231 BDE
673 4177 706 4230 22
725 4195 770 4227 nec
782 4180 836 4243 plus
849 4181 884 4228 sic
896 4177 1002 4230 uellitB
1079 4176 1112 4230 23
1132 4178 1210 4241 pietas
1223 4181 1257 4225 est
1273 4172 1351 4227 BDE

125 4275 222 4325 estam.
236 4266 349 4322 Fialcart
361 4273 387 4320 at
401 4267 493 4321 Haase
583 4268 617 4320 24
635 4285 709 4333 quam
722 4271 743 4317 si
756 4269 801 4317 tibi
813 4269 854 4317 hic
867 4284 936 4317 casus
950 4265 1030 4320 ΗΒΕ
1045 4282 1119 4332 quam
1131 4267 1172 4315 hic
1186 4266 1207 4314 si
1219 4265 1265 4313 tibi
1278 4280 1348 4313 casus

125 4355 236 4412 Fickert
248 4360 327 4411 ethic
340 4356 443 4411 incluso
456 4355 550 4411 Haase
633 4357 667 4410 26
687 4355 823 4410 exharitl)
906 4356 940 4410 27
965 4362 1015 4406 tam
1034 4352 1182 4409 Ennianus
1200 4355 1250 4405 iam
1270 4349 1351 4405 BDE

213 4446 247 4501 28
266 4449 370 4498 abducet
383 4445 465 4515 atdqo
477 4448 583 4496 adducet
598 4444 677 4499 BDE
715 4507 719 4514 Ι
763 4454 788 4496 te
807 4449 851 4496 tuis
870 4447 983 4511 exemplo
996 4453 1020 4496 te
1033 4444 1059 4499 B
1077 4446 1122 4495 tuis
1135 4442 1247 4508 exemplo
1262 4446 1285 4492 le
1298 4437 1352 4493 DE

1082 4531 1136 4586 18*
