3046 5092
173 336 192 393 4
388 327 468 368 DIAL.
490 329 507 372 1.
528 329 630 380 QVARE
648 330 760 380 ALIQVA
779 330 968 373 lNCOMMODA
986 330 1074 372 BONIS
1093 330 1173 372 VIRIS

170 473 341 536 constantis
372 475 463 535 animi
493 475 668 538 inruentem
700 474 798 537 leram
822 475 978 538 uenabulo
1006 475 1144 557 excepit,
1176 476 1201 538 si
1223 475 1326 538 leonis
1349 476 1394 537 in-

164 600 290 642 cursum
322 582 478 643 interritus
509 581 651 663 pertulit;
686 591 839 663 tantoque
862 581 924 643 hoc
952 582 1167 663 spectaculum
1191 590 1241 644 est
1264 583 1394 664 gratius,

164 695 284 766 quanto
315 687 347 748 id
378 687 540 749 honestior
573 686 653 750 iecit.
698 708 762 750 non
796 697 868 750 sunt
898 688 973 763 ista,
1003 708 1084 768 quae
1111 689 1233 770 possint
1257 688 1393 750 deorum

164 793 194 854 in
217 815 251 857 se
276 794 397 856 uoltum
422 805 606 857 conuertere
615 827 633 870 ,·
652 794 779 877 puerilia
810 803 842 856 et
872 793 1028 856 humanae
1056 794 1293 857 oblectamenta
1317 795 1392 857 leui-

137 879 246 963 ⁵⁶tatis
293 921 367 963 ecce
390 900 603 983 spectaculum
635 902 766 982 dignum
797 901 838 962 ad
862 903 951 982 quod
975 901 1119 982 respiciat
1141 902 1279 963 intentus
1303 901 1392 984 operi
1410 902 1424 949 ⁹

163 1028 221 1069 suo
252 1009 348 1083 deus,
379 1028 453 1070 ecce
482 1029 539 1090 par
570 1009 633 1070 deo
664 1009 814 1088 dignum,
853 1007 897 1068 uir
927 1006 1014 1069 fortis
1046 1027 1118 1068 cum
1148 1007 1274 1069 fortuna
1308 1007 1394 1069 mala

163 1114 363 1196 conpositus,
401 1115 507 1195 utique
537 1116 562 1176 si
593 1125 625 1178 et
655 1114 848 1196 prouocauit.
893 1134 958 1175 non
990 1113 1100 1189 uide0,
1138 1100 1283 1194 inqua'm,
1314 1115 1419 1195 quid.

162 1200 279 1282 habeat
309 1221 339 1281 in
370 1221 459 1283 terris
490 1221 628 1303 luppiter
658 1220 832 1302 pulchrius,
862 1221 888 1282 si
918 1228 1103 1282 conuertere
1134 1221 1273 1282 animum
1308 1220 1390 1296 uelit,

162 1346 258 1406 quam
282 1336 317 1388 ut
339 1338 459 1408 spectet
482 1304 638 1390 Catonem
666 1328 728 1388 iam
751 1325 893 1409 partibus
916 1346 979 1387 non
1003 1326 1101 1388 semel
1124 1325 1227 1387 fractis
1251 1335 1389 1388 stantem

124 1445 148 1484 1⁰
163 1432 258 1495 nihilo
282 1434 384 1495 minus
407 1435 485 1495 inter
508 1434 612 1495 ruinas
634 1433 773 1515 publicas
798 1442 927 1494 rectum.
973 1432 1069 1507 „licet
1092 1433 1204 1512 inquit,
1227 1433 1337 1494 omnia
1359 1433 1389 1494 in
1408 1430 1427 1481 1(

163 1540 251 1602 unius
267 1539 421 1603 dicionem
438 1541 657 1616 concesserint,
682 1516 897 1601 custodiantur
917 1538 1093 1619 legionibus
1109 1548 1219 1613 terrae,
1237 1538 1388 1601 classibus

162 1647 268 1721 maria,
293 1645 497 1709 Caesarianus
518 1656 627 1729 portas
651 1646 741 1708 miles
763 1645 928 1708 obsideat:
963 1644 1045 1707 Cato
1075 1665 1139 1725 qua
1161 1654 1259 1707 exeat
1280 1645 1387 1709 habet.

161 1774 223 1817 una
253 1775 347 1817 manu
378 1754 475 1816 latam
507 1753 641 1823 libertati
665 1754 748 1817 uiam
771 1752 870 1814 faciet.
916 1750 1031 1814 serrum
1061 1753 1158 1827 istud,
1189 1753 1284 1815 etiam
1308 1752 1387 1816 ciuili

162 1861 245 1923 bello
268 1877 381 1943 purum
406 1871 437 1923 et
461 1861 632 1936 innoxium,
664 1860 765 1922 bonas
788 1860 919 1922 tandem
943 1879 980 1920 ac
1006 1857 1129 1920 nobiles
1152 1859 1227 1921 edet
1250 1880 1384 1942 operas:

124 1986 146 2025 n
161 1969 338 2031 libertatem
377 1977 473 2048 quam
513 1968 633 2049 patriae
669 1988 734 2028 non
764 1967 882 2049 potuit,
914 1964 1026 2027 Catoni
1056 1964 1153 2027 dabit.
1199 1967 1387 2047 adgredere,

160 2076 272 2150 anime,
303 2075 354 2136 diu
378 2075 565 2136 meditatum
589 2094 678 2154 opus,
708 2074 793 2154 eripe
824 2082 857 2135 te
879 2071 974 2134 rebus
997 2071 1149 2134 humanis.
1194 2072 1257 2134 iam
1278 2073 1385 2137 Petre-

160 2185 207 2244 ius
238 2190 271 2243 et
293 2180 372 2242 Iuba
401 2189 665 2243 concucurrerunt
694 2181 859 2259 iacentque
897 2178 976 2241 alter
1011 2178 1136 2241 alterius
1168 2200 1263 2242 manu
1294 2183 1385 2244 caesi.

159 2287 247 2351 fortis
271 2296 303 2349 et
326 2289 454 2368 egregia
477 2287 530 2349 lati
547 2287 723 2361 conuentiO,
746 2286 803 2348 sed
820 2306 901 2366 quae
924 2307 986 2347 non
1004 2287 1117 2348 deceat
1132 2287 1384 2367 magnitudinem

141 2394 309 2456 nostram.
356 2403 421 2455 tam
461 2403 552 2475 turpe
583 2402 632 2455 est
664 2391 776 2455 Catoni
812 2402 949 2455 mortem
981 2392 1022 2454 ab
1054 2391 1116 2453 ullo
1147 2403 1257 2474 petere
1286 2415 1384 2475 quam

120 2517 145 2556 20
161 2502 283 2562 uitam.“
329 2501 426 2581 liquet
449 2499 523 2562 mihi
548 2521 619 2561 cum
644 2519 761 2580 magno
784 2507 944 2580 spectasse
966 2499 1084 2579 gaudio
1109 2500 1199 2575 deos,
1232 2501 1310 2562 dum
1334 2499 1429 2562 ille11

160 2609 221 2683 uir,
252 2609 419 2671 acerrimus
449 2608 496 2669 sui
520 2608 638 2669 uindex
646 2645 655 2682 ,›
685 2608 803 2670 alienae
833 2606 924 2668 saluti
956 2605 1087 2668 consulit
1119 2615 1151 2668 et
1173 2595 1297 2668 instruit
1320 2609 1382 2670 dis-

159 2716 337 2777 cedentium
362 2714 485 2796 fugam,
517 2716 593 2777 dum
624 2714 727 2777 studia
755 2715 849 2777 etiam
880 2725 974 2777 nocte
1005 2713 1114 2776 ultima
1141 2721 1272 2790 tractat,
1304 2716 1383 2778 dum

159 2820 299 2902 gladium
322 2842 412 2884 sacro
429 2822 548 2900 pectori
570 2820 678 2903 infigit,
702 2822 779 2884 dum
795 2821 915 2883 uiscera
934 2821 1054 2901 spargit
1077 2830 1109 2883 et
1124 2819 1208 2883 illam
1224 2821 1381 2885 sanctissi-

63 2988 67 2995 ,
159 2948 244 2990 mam
290 2929 426 2990 animam
465 2929 690 3010 indignamque
735 2949 817 3009 quae
855 2927 936 2990 ferro
977 2929 1241 2990 contaminaretur
1285 2949 1382 2991 manu

65 3039 66 3043 ’
119 3051 144 3090 u
159 3036 272 3098 educit.
318 3035 390 3097 inde
420 3023 607 3098 crediderim
639 3034 732 3098 luisse
766 3051 878 3118 parum
902 3046 1022 3096 certum
1054 3043 1097 3101 et,
1110 3033 1223 3096 efficax
1247 3035 1380 3098 uolnus:
1402 3039 1429 3092 12

158 3163 222 3203 non
245 3142 302 3223 luit
324 3141 371 3203 dis
395 3140 613 3205 inmortalibus
636 3144 711 3205 satis
726 3151 870 3224 spectare
887 3140 1043 3204 Catonem
1059 3141 1166 3203 semel.
1205 3150 1332 3204 retenta
1346 3162 1383 3205 ac

158 3258 308 3310 reuocata
330 3249 426 3310 uirtus
450 3258 506 3324 est,
530 3258 564 3311 ut
584 3250 615 3310 in
632 3247 802 3311 difficiliore
818 3259 907 3330 parte
930 3268 964 3310 se
980 3249 1171 3310 ostenderet.
1208 3267 1274 3309 non
1297 3249 1382 3310 eninr

157 3364 223 3417 tam
255 3376 373 3436 magno
404 3338 509 3418 animo
541 3375 627 3418 mors
657 3357 749 3418 initur
779 3379 875 3439 quam
906 3357 1064 3439 repetitur.
1117 3356 1225 3436 quidni
1248 3355 1383 3418 libenter

156 3473 335 3545 spectarent
351 3462 508 3525 alumnum
524 3484 615 3525 suum
631 3473 698 3525 tam
712 3463 796 3526 claro
813 3485 850 3526 ac
862 3463 1058 3526 memorabili
1073 3464 1159 3525 exitu
1173 3463 1381 3524 euadentem?

117 3584 142 3621 δυ
157 3589 244 3632 mors
267 3568 336 3631 illos
360 3580 530 3645 consecrat,
553 3590 689 3650 quorum
714 3572 836 3632 exitum
860 3578 892 3632 et
915 3573 966 3651 qui
990 3571 1102 3632 timent
1125 3569 1261 3631 laudant.

245 3676 297 3739 Ill.
321 3675 387 3739 Sed
418 3661 480 3739 iam
511 3678 705 3758 procedente
728 3678 871 3738 oratione
895 3678 1077 3752 ostendam,
1108 3697 1204 3757 quam
1231 3695 1296 3736 non
1319 3676 1414 3738 sint'l

156 3803 237 3864 quae
261 3784 407 3847 uidentur
430 3785 531 3849 mala:
565 3805 648 3846 nunc
670 3784 745 3846 illud
768 3785 856 3861 dico,
888 3785 947 3848 ista
977 3805 1058 3865 quae
1082 3794 1116 3845 tu
1140 3805 1235 3846 uocas
1258 3805 1380 3866 aspera,

158 4001 171 4050 l
192 4003 319 4050 irruentem
400 3998 505 4052 luultsr
583 4000 638 4047 b'si
657 4016 687 4048 eo
707 4003 848 4049 conuertere
863 3997 993 4060 (luerem,
1012 3996 1063 4051 sed
1078 3997 1141 4050 uide
1159 3997 1193 4052 de
1205 3999 1248 4050 ira
1263 4000 1286 4064 2,
1307 4001 1375 4062 3-1,Ι

158 4107 238 4140 mures
257 4091 435 4155 lormicaeque,
456 4091 475 4138 si
494 4087 594 4138 manum
614 4090 767 4150 admoueris,
787 4105 831 4137 ora
850 4095 991 4138 conuertunt
1079 4088 1109 4139 lll
1128 4090 1302 4137 nichilominus

160 4178 186 4229 ll
209 4180 328 4229 ditionem
349 4176 489 4231 Muretus:
511 4179 682 4228 condicionem
761 4178 790 4229 13
810 4180 860 4228 unst
878 4178 978 4227 anulatr‘r
997 4178 1132 4243 (anulutam
1152 4193 1184 4230 m.
1200 4183 1213 4226 :l
1234 4178 1260 4227 in
1279 4180 1377 4246 marg.)

246 4269 277 4318 lb
298 4269 433 4333 aggredere
509 4267 541 4318 ln·
562 4268 642 4331 anime
682 4267 749 4319 ³20
768 4267 843 4316 michi
916 4272 1038 4331 spectasse
1056 4266 1123 4332 (ras.
1137 4273 1200 4319 anie
1212 4269 1251 4332 sp)
1320 4269 1379 4317 dum

155 4354 261 4410 Haase:
283 4373 356 4422 quam
428 4358 461 4409 ‘23
480 4359 593 4408 §cissima
662 4357 695 4408 ‘25
714 4357 799 4405 uulnus
875 4356 910 4407 ‘lli
924 4356 971 4404 diis
984 4356 1164 4405 immortalibus
1228 4357 1262 4407 ‘Jtl
1282 4359 1379 4408 inicitur

153 4445 205 4502 sed
221 4462 292 4501 corr.
313 4451 385 4499 initur
463 4449 497 4500 29
516 4440 651 4514 spectare¹¹¹
