3046 5092
381 330 461 374 DIAL.
472 329 521 374 Vll.
550 330 592 371 AD
607 329 785 396 GetLLIONEM
800 331 926 373 DENITA
941 333 1047 376 ΒΕΑΤΑ.
1077 336 1109 376 13.
1126 336 1158 377 14.
1323 342 1385 403 167

164 477 225 559 quis
249 476 429 540 distinxerit
452 474 492 538 illi
515 474 710 560 uoluptateS,
734 485 767 539 ut
791 479 881 553 sciat,
905 499 985 556 quae
1010 500 1051 541 ex
1075 480 1118 545 eis
1141 479 1222 542 intra
1244 482 1386 545 naturale

100 611 103 616 ·
163 584 348 647 desiderium
380 584 541 658 resistant,
572 604 654 665 quae
684 585 715 646 in
744 605 896 667 praeceps
928 585 1066 648 ferantur
1096 585 1296 669 infinitaeque
1325 589 1386 650 sint

116 701 204 766 5vet,
235 711 300 772 quo
325 693 426 771 magis
449 689 620 773 inplentur,
652 711 691 752 eo
715 692 817 772 magis
840 691 1056 774 inexplebiles.
1101 694 1256 772 agedum,
1287 698 1385 758 uirtus

161 798 340 861 antecedat:
367 805 471 860 tutum
495 797 553 860 erit
576 818 672 859 omne
696 798 871 878 uestigium.
906 798 958 878 [et]
984 799 1129 880 uoluptas
1152 809 1247 862 nocet
1271 802 1381 865 nimia:

160 907 187 967 in
209 905 324 967 uirtute
347 925 411 966 non
435 912 484 966 est
508 905 690 979 uerendum,
713 925 753 967 ne
776 905 851 986 quid
875 905 1004 967 nimium
1028 908 1077 981 sit,
1100 907 1173 988 quia
1196 908 1225 969 in
1249 909 1316 991 ipsa
1336 920 1384 973 est
1412 932 1423 970 5

160 1014 281 1073 modus.
327 1031 392 1072 non
423 1020 471 1073 est
502 1010 654 1086 bonum,¹
669 1011 754 1092 quod
787 1012 1004 1090 magnitudine
1031 1012 1156 1076 laborat
1179 1035 1244 1076 sua.
1291 1017 1383 1078 ratio-

159 1117 294 1180 nabilem
325 1139 421 1199 porro
451 1118 569 1181 sortitis
600 1128 744 1181 naturam
776 1139 858 1200 quae
881 1099 992 1181 melius
1016 1140 1065 1181 res
1088 1141 1184 1202 quam
1208 1122 1287 1184 ratio
1310 1143 1383 1203 pro·
1489 1118 1492 1122 ’

158 1226 301 1308 ponitur?
325 1234 357 1287 et
380 1226 405 1287 si
427 1224 532 1307 placet
555 1225 614 1287 ista
637 1226 786 1301 iunctura,
809 1228 835 1288 si
858 1225 920 1288 hoc
942 1224 1047 1308 placet
1069 1208 1111 1289 ad
1135 1228 1263 1291 beatam
1287 1229 1384 1291 uitam

158 1334 199 1396 ire
221 1333 391 1407 comitatu,
423 1334 520 1396 uirtus
543 1333 727 1408 antecedat,
751 1333 919 1397 comitetur
941 1331 1088 1416 uoluptas
1112 1344 1144 1396 et
1166 1336 1248 1397 circa
1270 1355 1385 1417 corpus

159 1448 189 1502 ut
212 1439 326 1502 umbra
349 1447 505 1501 uersetur:
532 1439 680 1501 uirtutem
704 1440 849 1521 quidem,
880 1439 1129 1502 excelsissimam
1154 1442 1303 1518 omnium,
1327 1464 1382 1505 uo-
1402 1464 1424 1504 ιο

158 1548 266 1628 luptati
289 1547 415 1610 tradere
439 1544 583 1609 ancillam
606 1545 681 1609 nihil
704 1566 854 1628 magnum
879 1549 985 1609 animo
1009 1548 1158 1629 capientis
1182 1558 1238 1610 est.
1394 1552 1419 1619 ‘J

97 1670 141 1722 1
246 1653 335 1716 XIV.
381 1652 486 1714 Prima
509 1653 605 1714 uirtus
629 1661 697 1728 eat,
727 1652 806 1716 haec
829 1653 908 1716 serat
931 1654 1037 1734 signa:
1063 1653 1250 1718 habebimus
1273 1655 1382 1718 nihilo-

158 1763 256 1823 minus
280 1757 487 1841 uoluptatem,
511 1760 569 1822 sed
593 1760 712 1823 doinini
737 1761 802 1822 eius
818 1769 850 1822 et
866 1769 1096 1844 temperatores
1113 1763 1235 1824 erimus.
1266 1760 1383 1843 aliquid

157 1888 212 1930 nos
236 1867 393 1943 exorabit,
416 1867 490 1930 nihil
514 1876 619 1950 coget.
666 1876 698 1930 at
723 1869 766 1943 ei,
790 1867 843 1949 qui
866 1866 1020 1950 uoluptati
1044 1867 1203 1931 tradidere
1225 1869 1382 1951 principia,

137 1957 289 2055 ,utroque
320 1994 464 2037 caruere:
499 1976 647 2037 uirtutem
679 1976 762 2036 enim
791 1975 947 2037 amittunt.
993 1984 1133 2036 ceterum
1158 1996 1223 2037 non
1246 1976 1303 2056 ipsi
1326 1997 1381 2037 uo·
1401 1996 1423 2036 u

156 2081 326 2163 luptatem,
356 2081 414 2143 sed
446 2082 531 2162 ipsos
562 2080 708 2162 uoluptas
732 2080 846 2156 habet,
878 2081 963 2142 cuius
994 2089 1048 2142 aut
1071 2081 1176 2162 inopia
1198 2090 1383 2164 torquentur

156 2196 206 2250 aut
230 2187 323 2268 copia
345 2186 593 2268 strangulantur,
625 2189 744 2262 miseri,
777 2187 802 2249 si
826 2189 1013 2250 deseruntur
1035 2187 1076 2249 ab
1099 2187 1165 2263 illa,
1199 2190 1383 2264 miseriores,

155 2295 177 2356 si
200 2295 385 2370 obruuntur,
408 2295 487 2357 sicut
511 2296 656 2377 deprensi
680 2296 757 2356 mari
779 2292 908 2375 Syrtico
932 2295 1031 2356 modo
1055 2296 1085 2356 in
1105 2295 1189 2357 sicco
1205 2295 1381 2377 relinquun-

119 2409 218 2477 2tur,
257 2402 358 2464 modo
393 2410 534 2464 torrente
566 2404 652 2464 unda
681 2400 878 2464 fluctuantur.
925 2402 1028 2463 euenit
1058 2411 1165 2464 autem
1196 2402 1258 2464 hoc
1288 2404 1384 2465 nimia

154 2509 393 2589 intemperantia
425 2517 457 2570 et
487 2528 597 2571 amore
628 2529 723 2571 caeco
755 2508 858 2571 malae
889 2509 939 2571 rei.
986 2528 1060 2570 nam
1092 2507 1175 2571 mala
1204 2530 1263 2590 pro
1291 2509 1382 2573 bonis
1397 2530 1422 2569 m

101 2679 112 2685 „
154 2615 272 2698 petenti
294 2615 505 2697 periculosum
528 2624 578 2678 est
601 2617 740 2698 adsequi.
789 2625 823 2678 ut
847 2615 927 2677 seras
951 2636 1023 2678 cum
1046 2615 1156 2679 labore
1179 2616 1382 2699 periculoque

154 2741 305 2784 uenamur
329 2729 361 2783 et
385 2732 548 2804 captarum
572 2743 699 2805 quoque
722 2722 843 2785 illarum
868 2722 1001 2786 sollicita
1024 2724 1183 2804 possessio
1207 2730 1264 2798 est,
1287 2743 1383 2804 saepe

154 2831 236 2890 enim
260 2827 378 2891 laniant
401 2830 565 2892 dominos:
593 2831 636 2892 ita
658 2829 778 2892 habent
801 2851 835 2892 se
859 2849 995 2911 magnae
1019 2827 1216 2912 uoluptates:
1242 2831 1273 2892 in
1293 2850 1381 2910 mag-

153 2950 227 2997 num
251 2934 371 2998 malum
395 2956 524 2998 euasere
548 2944 722 3019 captaeque
745 2956 866 3018 cepere.
913 2957 994 3017 quae
1018 2956 1081 3018 quo
1104 2936 1208 3018 plures
1232 2936 1380 2999 maiores-

153 3063 213 3124 que
236 3051 318 3119 sunt,
342 3063 382 3106 eo
405 3042 456 3105 ille
479 3046 583 3106 minor
606 3064 642 3105 ac
664 3043 800 3124 plurium
816 3063 924 3105 seruus
941 3052 997 3118 est,
1020 3064 1115 3124 quem
1131 3041 1252 3104 felicem
1270 3042 1381 3122 uolgus
1396 3063 1422 3103 25

124 3148 301 3232 aadpellat.
351 3169 538 3231 permanere
573 3149 651 3212 libet
678 3151 709 3211 in
740 3148 800 3211 hac
831 3150 1010 3212 etiamnunc
1041 3149 1130 3211 huius
1161 3149 1205 3211 rei
1236 3149 1380 3230 imagine.

152 3256 428 3337 quemadmodum
451 3257 504 3338 qui
527 3257 698 3319 bestiarum
723 3256 835 3319 cubilia
857 3258 988 3336 indagat
1012 3264 1044 3318 et

594 3368 696 3442 laqueo
720 3374 837 3442 captare
850 3368 940 3444 feras

155 3491 176 3496 .-.
179 3489 365 3496 -..-..------

151 3555 205 3624 suit
217 3557 242 3625 1,)
252 3575 260 3617 ;
281 3556 378 3628 recepi.
393 3554 599 3626 Maduipianam
619 3556 804 3611 coniecturam
822 3557 948 3626 quamuis
966 3572 1021 3611 non
1035 3571 1154 3626 prorsus
1172 3561 1290 3615 certam
1318 3573 1380 3610 con·

153 3645 215 3699 iniat
232 3644 334 3716 aliquis
353 3647 474 3712 degener,
498 3648 594 3697 eiurans
613 3647 690 3696 uirum
709 3643 756 3699 uel
772 3647 853 3696 uirilia
943 3647 1085 3698 2resistant
1100 3643 1153 3696 E‘:
1175 3647 1292 3696 desistant

153 3737 175 3784 in
199 3752 319 3802 praeceps
346 3733 519 3789 Gronout'us:
545 3752 664 3801 praeceps
784 3735 800 3787 3
825 3737 956 3800 implentur
1051 3735 1068 3787 4
1095 3737 1207 3800 uoluptas
1234 3732 1330 3788 Curio:
1357 3744 1380 3785 et

153 3825 264 3889 uoluptas
360 3824 375 3876 b
400 3826 483 3890 nequit
502 3825 522 3890 (t
541 3824 568 3877 in
587 3826 604 3873 d
623 3825 697 3891 mut.)
794 3823 810 3878 9
836 3826 953 3874 comitatu
972 3822 1137 3883 deteriorem
1164 3824 1285 3876 comitati

155 3913 184 3966 ll
208 3920 244 3963 est
264 3911 302 3979 (in
321 3913 389 3980 rat.)
497 3914 529 3966 12
554 3914 627 3963 uirtus
645 3921 694 3976 eat,
713 3916 775 3963 haec
795 3911 925 3982 Madm'q:
952 3914 1027 3962 uirtus
1046 3919 1071 3963 at
1090 3913 1109 3980 (t
1128 3912 1156 3964 in
1174 3913 1191 3960 d
1210 3913 1285 3977 mut.)

154 4000 185 4053 13
204 4002 298 4067 aliquid
318 4000 501 4069 (tinemut.)
594 4000 627 4054 17
646 4003 825 4067 strangulantur
842 4002 923 4051 miseri
937 3999 1104 4056 deteriores:
1125 4001 1302 4065 strangulentur
1321 4017 1380 4049 ·an·

154 4091 218 4140 serisi
231 4091 365 4165 ,(ρναθΐθν
383 4107 414 4142 an
433 4089 524 4144 omnia
543 4089 570 4143 in
588 4091 655 4157 rar.)
747 4089 781 4142 20
807 4107 883 4141 caeco
903 4091 983 4141 malae
1002 4092 1037 4141 rei
1056 4087 1132 4144 Koch
1152 4091 1238 4154 (caeco
1257 4091 1291 4138 rei
1310 4087 1377 4155 E²):

156 4194 227 4244 caece
245 4181 281 4230 rei
389 4179 424 4232 22
448 4196 566 4230 uenamur
585 4185 608 4230 et
627 4185 754 4245 captarum
780 4179 881 4245 (omnia
899 4179 927 4231 in
946 4179 1013 4245 ras.)
1122 4195 1180 4243 sepe
1261 4166 1262 4169 Ἴ
1288 4177 1321 4230 23
1346 4179 1381 4228 ita

156 4268 245 4318 habent
268 4285 295 4319 se
313 4284 421 4334 magnae
439 4270 576 4335 uoluptates
594 4265 710 4339 Maduiq
736 4270 781 4335 (ita
805 4269 908 4319 habenti
932 4284 1037 4332 magnas
1057 4269 1191 4331 uoluptates
1210 4264 1378 4334 Bentleius):

157 4356 189 4406 ita
205 4357 324 4408 habentes
341 4373 447 4423 magnas
465 4358 602 4423 uoluptates
692 4357 727 4410 24
752 4363 876 4424 capteqze
973 4355 1007 4408 25
1032 4356 1117 4421 uulgus
1213 4354 1247 4408 26
1273 4356 1381 4421 appellat

239 4447 351 4513 imagine
414 4459 417 4465 '
449 4445 484 4501 28
508 4448 573 4498 seras
592 4447 614 4516 (s
633 4447 659 4500 in
678 4445 746 4516 rar.)
912 4457 918 4465 ”
