3046 5092
294 819 363 915 llll
398 817 588 916 eonion
622 816 1044 917 MEDIOLANENSI.

587 1035 747 1042 *—

154 1145 271 1240 Codicis
303 1176 564 1250 Mediolanensis,
602 1175 633 1236 in
671 1195 735 1255 quo
775 1175 877 1236 omnis
908 1172 1051 1236 Senecae
1081 1175 1281 1257 dialogorum

81 1291 183 1364 praeter
209 1282 462 1345 consolationem
493 1282 535 1344 ad
566 1280 734 1361 Polybium
765 1283 871 1362 posita
901 1290 950 1343 est
974 1285 1144 1358 memoria,
1175 1282 1277 1345 conla-

81 1391 177 1450 tionem
206 1390 246 1452 ab
277 1389 364 1451 Italis
394 1389 516 1450 Branca
552 1397 584 1449 et
614 1388 740 1468 Bugato
779 1386 905 1448 saeculo
943 1391 1106 1468 superiore
1144 1398 1283 1450 exeunte

81 1493 175 1557 iactam
196 1504 226 1557 et
248 1517 268 1558 a
283 1495 432 1557 Fickerto
455 1497 486 1556 in
509 1514 599 1555 suam
623 1494 797 1555 editionem
819 1496 1040 1574 transcriptam
1057 1493 1163 1557 multis
1179 1499 1281 1557 nomi-

83 1600 155 1662 nibus
179 1622 322 1664 mancam
354 1621 424 1663 esse
454 1621 513 1662 nec
540 1595 669 1680 ‘aliquid
700 1609 824 1662 tantum
860 1601 902 1662 ad
933 1612 1110 1663 accuratam
1141 1601 1283 1664 lectionis

86 1705 160 1769 fidem
178 1708 354 1770 desiderari'
380 1728 451 1769 cum
475 1709 556 1787 ipse,
587 1706 775 1787 simulatque
799 1706 961 1768 mensibus
984 1707 1101 1769 Martio
1125 1717 1157 1769 et
1180 1707 1283 1790 Aprili

93 1831 115 1870 a
129 1812 186 1875 1875
199 1817 229 1876 in
245 1813 441 1875 bibliotheca
456 1812 673 1875 Ambrosiana
689 1814 834 1875 codicem
851 1821 987 1874 tractare
1011 1815 1110 1896 coepi,
1134 1813 1282 1888 intellexi,

92 1924 142 1977 tun
163 1939 250 2001 opera
282 1921 346 1981 iam
369 1918 510 2001 perfecta
534 1930 565 1980 et
588 1921 618 1980 in
642 1918 801 2000 publicum
827 1920 957 1994 emissa,
988 1922 1091 2000 quiuis
1115 1922 1283 2002 perspiciet

87 2030 114 2083 et
130 2035 290 2106 cognoscet.
338 2026 450 2107 Neque
474 2024 619 2087 homines
647 2024 690 2086 illi
712 2027 858 2105 imperite
881 2027 912 2086 in
936 2046 1066 2088 munere
1090 2028 1282 2108 exequendo

85 2133 172 2192 uersati
197 2135 364 2214 potiusque
394 2131 504 2194 litteris
534 2133 576 2194 ad
607 2130 905 2221 palaeographicam
938 2135 1092 2194 rationem
1117 2133 1283 2213 exigendis

84 2254 157 2317 saepe
181 2240 352 2300 rectissimo
384 2241 448 2300 ueri
478 2238 571 2299 sensu
602 2249 675 2299 sunt
705 2238 811 2312 ducti;
844 2239 903 2299 sed
933 2249 968 2301 ut
1001 2241 1149 2300 omittam
1178 2248 1282 2302 totum
1324 2276 1329 2283 -

85 2339 332 2425 orthographicum
357 2365 456 2425 genus
479 2365 609 2425 prorsus
632 2343 821 2424 neglectum,
845 2364 904 2405 nec
919 2345 1115 2406 diuersarum
1128 2329 1282 2407 ‘manuum

84 2465 176 2524 genera
200 2450 262 2513 ullo
295 2451 396 2513 modo
427 2459 613 2513 curauerunt
637 2452 722 2511 etin
746 2452 858 2511 rasuris
882 2460 914 2511 et
935 2451 1182 2512 correctionibus
1205 2452 1282 2513 indi-

85 2555 167 2617 cardis
186 2558 262 2619 mira
283 2556 411 2618 libidine
434 2556 484 2619 uel
508 2576 545 2617 ea
565 2557 674 2618 uidere
697 2556 755 2618 sibi
779 2557 834 2617 uisi
851 2565 923 2617 sunt
946 2577 1027 2638 quae
1051 2578 1134 2619 nunc
1153 2558 1282 2638 quidem

86 2661 186 2724 omnino
213 2684 279 2725 non
306 2671 460 2744 apparent
484 2661 534 2723 uel
558 2683 596 2725 ea
618 2683 700 2744 quae
722 2664 822 2743 quiuis
846 2664 953 2725 uideat
984 2671 1112 2743 oportet
1143 2673 1281 2744 praeter-

89 2763 203 2831 miserunt
230 2779 264 2832 et
295 2768 493 2850 reliquerunt.
540 2768 677 2831 Accedit
698 2789 809 2830 eorum
833 2768 985 2843 locorum,
1009 2770 1063 2830 ubi
1086 2770 1185 2830 uerba
1208 2772 1281 2832 scri-

87 2871 164 2947 proris
186 2896 223 2938 ex
253 2877 351 2957 ipsius
382 2876 500 2937 codicis
531 2875 731 2949 testimonio,
763 2896 822 2937 nec
853 2877 966 2938 rasuris
997 2895 1056 2936 nec
1087 2877 1282 2937 diuersamm

86 2992 202 3044 manuum
225 3003 326 3064 opera
349 2983 529 3056 obscurat0,
554 2982 726 3043 emendare
749 2982 836 3056 licet,
860 2984 936 3044 satis
961 3002 1078 3062 magna
1101 2981 1281 3057 multitud0,

85 3068 111 3139 sn
129 3103 175 3164 qua
193 3097 300 3151 tamen
322 3109 419 3170 saepe
442 3089 552 3150 nesciri
572 3097 676 3149 utrum
692 3087 777 3150 Italis
792 3109 833 3149 an
848 3088 998 3149 Fickerto
1015 3087 1106 3169 culpa
1121 3089 1282 3170 scriptoris

86 3186 218 3266 deprauati
240 3195 409 3258 tribuenda
432 3195 479 3270 sit,
503 3204 617 3276 postea
641 3182 813 3257 accuratius
837 3194 1022 3256 uidebimus.

153 3296 202 3363 Est
224 3310 332 3364 autem
356 3303 462 3363 codex
485 3320 709 3382 pergamenus,
740 3299 862 3362 formae
886 3300 1062 3381 oblongae,
1091 3301 1281 3381 Longobar-

84 3398 145 3462 dicis
166 3405 266 3470 litteris
297 3407 424 3470 saeculo
455 3427 520 3468 non
550 3428 654 3482 nono,
686 3417 719 3468 ut
750 3407 847 3487 uulgo
879 3406 991 3482 fertur,
1024 3409 1081 3469 sed
1113 3409 1281 3471 undecimo
1356 3443 1360 3451 ·

82 3519 211 3576 exaratus.
257 3513 332 3595 Qua
354 3514 519 3575 uetustatis
545 3513 758 3574 deminutione
781 3514 833 3593 qui
854 3515 950 3575 etiam
967 3515 1192 3595 praestantiam
1217 3515 1283 3575 eius

82 3610 159 3676 minui
177 3620 308 3699 putabit,
340 3620 446 3681 uideat
469 3639 509 3680 ne
530 3620 764 3698 praeiudicatae
788 3620 928 3700 opinioni
952 3618 1021 3700 plus
1045 3619 1163 3682 tribuat
1186 3640 1281 3700 quarn

81 3716 130 3796 ipsi
148 3728 257 3790 ueritati
269 3754 276 3802 ;
311 3725 373 3787 hoc
404 3735 490 3787 certe
514 3724 564 3785 uel
587 3726 631 3786 sic
655 3725 828 3799 constabit,
860 3746 972 3787 omnes
996 3725 1131 3805 reliquos
1155 3728 1282 3787 codices

80 3823 209 3894 adhunc
238 3853 335 3894 unum
366 3830 487 3902 referri,
519 3831 609 3892 huius
639 3831 703 3892 fide
734 3831 924 3913 reliquorum
957 3833 1098 3893 omnium
1123 3832 1283 3893 contineri.

80 3925 136 3990 Sed
161 3939 332 4001 describere
371 3939 514 3999 codicem
554 3947 587 3998 ut
625 3958 774 4018 pergam,
812 3938 878 4018 ipse
918 3938 1083 4017 octoginta
1121 3948 1195 4000 octo
1234 3948 1282 3999 est
1313 3948 1316 3953 “

80 4032 207 4106 soliorum.
253 4045 412 4118 Duorum,
444 4064 525 4124 quae
548 4044 752 4118 antecedunt,
781 4045 813 4105 in
836 4045 940 4124 primo
963 4045 1098 4105 aduerso
1122 4043 1282 4105 Antonius

81 4136 213 4226 Olgiatus,
243 4153 331 4212 cuius
354 4170 452 4232 opera
473 4151 506 4211 in
528 4148 720 4210 bibliotheca
744 4148 960 4211 Ambrosiana
984 4150 1160 4210 ordinanda
1183 4149 1280 4211 cardi-

80 4247 164 4314 nalem
183 4258 412 4320 Borromaeum
436 4276 526 4317 usum
550 4276 620 4317 esse
643 4264 781 4327 constat,
809 4258 932 4338 scripsit
957 4251 1110 4318 ‘felicibus
1138 4257 1281 4336 auspiciis

81 4351 211 4426 Frederici
242 4362 450 4425 Borrhomaei
485 4366 567 4426 1603
608 4364 715 4424 codex
750 4364 832 4425 notis
863 4384 939 4424 sane
970 4363 1072 4424 doctis
1103 4363 1281 4443 adspersus,
