3046 5092
241 354 302 415 178
335 354 347 385 ο
461 346 542 390 DIAL.
552 346 602 387 Vll.
632 346 673 386 AD
688 345 865 387 GALLIONEM
880 344 921 385 DE
936 345 1007 385 VITA
1022 343 1129 388 ΒΕΑΤΑ.
1156 331 1189 388 11.
1204 345 1239 388 25.

237 515 327 555 suum
368 491 501 555 diffundi
533 502 565 555 et
594 490 813 555 liberalitatem
846 493 1010 566 exercere,
1050 511 1132 571 quae
1162 510 1226 552 non
1256 493 1331 572 quia
1361 489 1467 554 liberis

238 602 387 676 debetur,
425 600 482 662 sed
521 603 594 681 quia
624 622 643 662 a
677 600 778 663 libero
817 603 923 663 animo
961 598 1182 680 proficiscitur,
1220 601 1264 661 ita
1302 602 1469 688 nominata

237 717 294 770 est.
349 707 427 770 haec
465 709 551 788 apud
583 711 758 789 sapientem
788 728 846 770 nec
874 727 1024 786 umquam
1056 706 1087 767 in
1116 714 1224 787 turpes
1257 705 1469 789 indignosque

237 815 404 896 inpingitur
435 835 493 876 nec
526 835 676 895 umquam
708 815 752 876 ita
783 804 956 894 defetigata
986 823 1084 888 errat,
1128 821 1162 875 ut
1200 833 1280 887 non,
1319 817 1469 894 quotiens

210 923 368 1001 sdignum
399 924 569 998 inuenerit,
602 924 690 1001 quasi
721 942 763 982 ex
797 920 892 1001 pleno
924 921 1008 982 fluat.
1056 941 1120 982 non
1160 931 1208 983 est
1246 941 1340 1001 erg0,
1380 920 1470 1000 quod
1488 930 1513 982 4

237 1048 404 1109 perperam
436 1028 621 1103 exaudiatis
651 1048 733 1107 quae
763 1027 905 1102 honeste,
936 1027 1066 1104 fortiter,
1095 1030 1237 1089 animose
1267 1048 1286 1088 a
1316 1028 1470 1089 studiosis

237 1137 411 1214 sapientiae
434 1135 587 1196 dicuntur.
622 1144 655 1197 et
678 1134 740 1195 hoc
762 1137 898 1215 primum
922 1135 1100 1197 adtendite:
1128 1133 1211 1196 aliud
1235 1142 1283 1195 est
1306 1135 1470 1195 studiosus

237 1241 422 1320 sapientiae,
453 1240 537 1302 aliud
567 1243 630 1302 iam
654 1242 789 1322 adeptus
813 1243 1007 1322 sapientiam.
1054 1238 1104 1302 ille
1127 1239 1184 1302 tibi
1208 1241 1310 1303 dicet:
1345 1243 1472 1323 optime

238 1339 359 1426 loquor,
383 1350 440 1409 sed
465 1346 568 1408 adhuc
591 1350 670 1410 inter
693 1343 777 1410 mala
800 1347 926 1409 uolutor
948 1346 1089 1429 plurima
1136 1367 1199 1407 non
1223 1356 1279 1422 est,
1303 1346 1394 1426 quod
1418 1367 1472 1408 me

202 1467 225 1507 ¹⁰
240 1454 282 1516 ad
313 1452 480 1516 formulam
510 1450 615 1515 meani
644 1457 763 1535 exigas.
810 1475 881 1516 cum
907 1457 1047 1517 maxime
1070 1453 1150 1516 facio
1175 1474 1227 1515 me
1250 1463 1282 1515 et
1305 1453 1412 1515 formo
1438 1461 1471 1514 et

238 1561 279 1622 ad
311 1559 474 1642 exemplar
504 1565 615 1641 ingens
647 1560 768 1624 attollo.
814 1563 839 1622 si
870 1581 1056 1643 processero
1080 1569 1372 1640 quantumcumque
1396 1579 1470 1641 pro·

144 1677 148 1684 ’
237 1669 344 1748 posui,
376 1671 471 1749 exige
502 1678 536 1730 ut
560 1669 652 1730 dictis
675 1665 759 1730 facta
781 1653 1002 1748 respondeant.
1049 1667 1217 1729 adsecutus
1241 1686 1316 1727 uero
1339 1665 1471 1731 humani

237 1774 313 1837 boni
337 1795 495 1837 summam
520 1773 607 1838 aliter
630 1785 737 1856 tecum
762 1785 836 1856 aget
859 1782 891 1835 et
915 1775 1017 1836 dicet:
1052 1776 1188 1856 primum
1212 1794 1277 1836 non
1300 1783 1358 1849 est,
1380 1776 1470 1855 quod

238 1881 295 1944 tibi
325 1884 492 1962 permittas
525 1883 565 1943 de
596 1880 776 1944 melioribus
807 1881 888 1943 ferre
919 1883 1130 1944 sententiam:
1165 1879 1240 1943 mihi
1267 1883 1348 1956 iam,
1380 1883 1470 1963 quod

200 2004 222 2042 ¹5
238 1999 459 2068 argumentum
484 1997 532 2050 est
555 1991 640 2063 recti,
664 1990 799 2068 contigit
822 1987 912 2050 malis
936 1987 1108 2067 displicere.
1140 1978 1204 2062 sed,
1229 1997 1264 2050 ut
1287 1987 1346 2050 tibi
1371 1991 1467 2051 ratio-
1492 1997 1513 2045 τ’

237 2115 311 2156 nem
342 2096 491 2169 reddam,
523 2115 585 2175 qua
607 2093 682 2157 nulli
706 2093 887 2157 mortalium
910 2093 1052 2175 inuide0‚
1083 2094 1156 2156 audi
1180 2095 1255 2174 quid
1278 2097 1468 2176 promittam

238 2210 271 2263 et
300 2204 409 2282 quanti
432 2222 577 2282 quaeque
601 2204 785 2264 aestimem:
820 2202 944 2264 diuitias
967 2221 1052 2281 nego
1074 2201 1195 2262 bonum
1219 2221 1296 2264 esse.
1343 2205 1468 2265 namsi

238 2316 356 2382 essent,
381 2308 484 2382 bonos
507 2307 653 2370 iacerent.
699 2328 781 2369 nunc
804 2310 964 2387 quoniam,
987 2308 1075 2387 quod
1098 2309 1183 2390 apud
1207 2306 1308 2369 malos
1328 2308 1467 2390 depren-

237 2414 335 2489 ditur,
367 2415 427 2476 dici
457 2414 583 2475 bonum
609 2435 673 2476 non
704 2424 830 2495 potest,
861 2413 924 2478 hoc
955 2412 1012 2475 illis
1041 2410 1158 2476 noinen
1186 2434 1277 2495 nego.
1325 2425 1466 2478 ceterum

197 2535 223 2575 2⁰
238 2530 270 2583 et
300 2520 464 2583 habendas
496 2542 566 2583 esse
596 2530 628 2583 et
660 2520 751 2584 utiles
783 2530 816 2583 et
846 2541 963 2602 magna
994 2521 1169 2583 commoda
1191 2522 1274 2583 uitae
1297 2521 1467 2585 adferentis

237 2626 347 2691 fateor.
1187 2640 1191 2645 ’

105 2778 129 2811 ‚a
327 2734 431 2796 XXV.
472 2732 558 2815 Quid
590 2755 666 2815 ergo
696 2737 751 2808 sit,
783 2755 880 2814 quare
902 2732 969 2797 illas
992 2754 1057 2795 non
1080 2737 1111 2797 in
1133 2733 1226 2798 bonis
1249 2755 1415 2798 numerem
1439 2739 1495 2799 etl

122 2834 123 2838 ’
238 2841 314 2921 quid
346 2849 505 2921 praestem
537 2843 568 2903 in
598 2840 656 2903 illis
687 2841 770 2904 aliud
802 2862 897 2922 quam
928 2861 1002 2917 uos,
1034 2843 1183 2922 quoniam
1214 2845 1295 2905 inter
1318 2852 1470 2924 utrosque

238 2950 386 3010 conuenit
409 2947 581 3024 habendas
606 2949 719 3011 audite.
757 2969 841 3031 pone
863 2951 895 3011 in
919 2947 1155 3029 opulentissima
1177 2969 1229 3011 me
1252 2931 1364 3024 domo,
1387 2969 1470 3029 pone

200 3069 226 3109 2⁵
241 3053 294 3116 ubi
318 3075 427 3116 aurum
451 3065 682 3136 argentumque
705 3058 736 3118 in
759 3058 947 3136 promiscuo
964 3076 1021 3117 usu
1044 3058 1103 3118 sit:
1138 3076 1203 3117 non
1225 3044 1396 3138 suspiciam
1420 3075 1471 3118 me
1496 3042 1502 3063 ⁴

238 3164 280 3222 ob
303 3163 373 3237 ista,
397 3182 478 3242 quae
501 3165 624 3225 etiarnsi
648 3163 732 3244 apud
756 3183 816 3239 me,
841 3171 934 3224 extra
954 3183 1006 3223 me
1021 3170 1129 3224 tamen
1144 3170 1224 3224 sunt.
1256 3164 1287 3224 in
1303 3161 1468 3225 subiiciunt

238 3278 371 3347 pontem
403 3289 455 3330 me
486 3268 620 3336 transfer
643 3278 676 3331 et
698 3272 779 3332 inter
803 3278 934 3350 egentes
958 3268 1066 3332 abice:
1100 3289 1164 3330 non
1187 3269 1260 3331 ideo
1283 3278 1395 3332 tamen
1418 3289 1469 3331 me

239 3374 428 3456 despiciam,
462 3376 550 3455 quod
580 3379 612 3438 in
642 3375 766 3438 illorum
796 3397 928 3438 numero
961 3376 1152 3450 consedem,
1183 3377 1236 3456 qui
1267 3394 1397 3437 manum
1429 3375 1470 3437 ad

239 3483 355 3562 stipem
379 3472 554 3562 porrigunt.
599 3483 676 3563 quid
700 3483 783 3544 enim
807 3482 849 3544 ad
872 3502 947 3557 rem,
971 3503 1011 3543 an
1033 3480 1166 3544 frustum
1189 3483 1278 3562 panis
1302 3481 1399 3558 desit,
1423 3483 1470 3544 cui

241 3656 254 3707 1
282 3657 454 3708 liberalitatem
479 3657 559 3714 dett:
591 3660 707 3712 libertato
846 3675 897 3709 non
921 3675 969 3724 qua
994 3660 1078 3708 liberis
1103 3659 1212 3710 debetur.
1237 3659 1281 3708 sed
1303 3621 1362 3724 quia
1387 3652 1471 3718 liberis

167 3836 172 3844 ·
241 3818 351 3870 debetur.
370 3818 414 3867 sed
432 3819 489 3884 quia
508 3818 602 3868 alibero
720 3817 820 3882 3aput
853 3812 864 3829 “
929 3819 1036 3883 inturpes
1055 3817 1094 3885 (r'n
1111 3817 1178 3884 ras.)
1300 3762 1471 3885 Spelldeerralren

241 3906 394 3976 (suprascr.
414 3922 447 3960 m.
467 3909 533 3973 rec.)
642 3907 658 3960 7
684 3908 828 3972 sapientias
937 3907 971 3960 10
997 3924 1051 3958 cum
1070 3903 1276 3959 maduerint:
1303 3892 1473 3961 cur'maxime

332 3995 364 4048 11
387 4002 612 4062 quantumcumque
630 3993 795 4049 Hictanis:
815 4001 959 4062 quantumq3
1052 3995 1084 4048 13
1103 4011 1225 4046 summam
1244 3993 1349 4066 Nea'pa
1376 4011 1472 4047 summa

331 4102 364 4156 15
385 4104 488 4168 contigit
506 4099 566 4154 El:
588 4104 709 4168 contingit
801 4102 831 4155 16
851 4104 950 4152 inuideo
969 4085 1037 4167 duod
1055 4103 1113 4153 audi
1133 4103 1250 4168 pmittam
1270 4107 1293 4153 et
1311 4088 1471 4169 quantffifdue

331 4192 390 4256 quid
409 4188 471 4245 olim
491 4194 643 4245 correctum
735 4190 768 4244 18
794 4192 860 4256 apud
879 4192 907 4259 (d
925 4191 1009 4256 corr.)
1108 4190 1141 4243 19
1166 4192 1217 4241 hoc
1235 4191 1286 4241 dici
1305 4191 1362 4244 illis.
1381 4207 1471 4242 nomen

250 4296 314 4344 nego
334 4280 395 4347 (dici
408 4277 539 4350 pluribus
558 4278 662 4334 lineolis
680 4281 846 4334 transuersis
865 4279 990 4346 deletum)
1081 4279 1115 4332 22
1139 4281 1170 4329 sit
1188 4276 1310 4350 Lipsius:
1331 4287 1367 4331 est

243 4367 279 4420 24
297 4384 363 4432 pone
380 4370 423 4419 ubi
447 4369 568 4423 Tarnis:
590 4386 655 4435 pone
746 4368 779 4421 2ss
799 4371 891 4434 istaque
976 4367 1010 4421 27
1030 4370 1102 4419 abice
1124 4365 1293 4422 Gronouius:
1315 4370 1390 4436 abige

245 4455 278 4508 ‘29
298 4463 349 4509 ren
