3046 5092
154 345 225 404 ¹112
501 335 624 378 olam.
654 335 694 376 DE
711 338 762 376 IRA
780 337 833 377 LIB.
850 335 888 378 III.
918 338 1049 380 31.32.33.

159 484 302 548 inuidiae.
355 491 443 545 tanta
481 492 588 546 tamen
627 484 833 565 inportunitas
871 482 1035 545 hominum
1073 492 1137 558 est,
1163 491 1210 562 ,ut
1244 486 1392 566 quamuis

161 590 293 653 multum
317 591 508 671 acceperint,
540 591 666 652 iniuriae
689 589 761 653 loco
784 591 824 652 sit
847 589 917 673 plus
939 590 1081 672 accipere
1104 590 1254 672 potuisse.
1302 592 1391 653 dedit

160 697 235 760 mihi
273 706 472 779 praeturam:
515 698 572 759 sed
611 697 808 760 consulatum
840 717 1049 778 speraueram.
1096 697 1185 759 dedit
1217 699 1390 761 duodecim

159 803 278 868 fasces:
305 806 363 867 sed
386 825 451 866 non
474 803 547 866 fecit
570 804 759 866 ordinarium
784 804 953 866 consulem.
992 825 1012 866 a
1035 824 1087 865 me
1109 805 1269 867 numerari
1292 804 1392 867 uoluit

132 931 294 974 nannum:
328 910 385 973 sed
415 911 505 973 deest
537 910 611 973 mihi
642 912 684 973 ad
708 913 927 973 sacerdotium.
974 919 1143 993 cooptatus
1166 912 1196 972 in
1220 909 1390 992 collegium

159 1040 247 1081 sum:
290 1020 347 1081 sed
384 1039 438 1080 cur
467 1020 498 1081 in
529 1022 646 1080 unum?
685 1020 916 1081 consummauit
947 1018 1132 1099 dignitatem
1163 1037 1290 1080 meam:
1333 1020 1391 1080 sed

158 1126 349 1208 patrimonio
372 1124 447 1188 nihil
471 1124 610 1189 contulit.
650 1146 687 1188 ea
711 1126 800 1188 dedit
823 1125 899 1188 mihi
922 1146 1002 1207 quae
1025 1125 1166 1187 debebat
1189 1124 1280 1187 alicui
1303 1126 1390 1190 dare.

159 1234 201 1295 de
229 1253 287 1294 suo
319 1231 393 1294 nihil
415 1232 553 1313 protulit.
600 1252 660 1312 age
683 1232 788 1313 potius
812 1232 928 1313 gratias
950 1252 1010 1314 pro
1034 1231 1096 1306 his,
1126 1252 1208 1312 quae
1231 1233 1389 1314 accepisti.

159 1338 276 1421 reliqua
299 1348 436 1420 expecta
459 1347 491 1401 et
513 1340 655 1401 nondum
674 1338 807 1420 plenum
824 1359 894 1401 esse
909 1348 942 1401 te
958 1340 1072 1420 gaude.
1111 1340 1191 1401 inter
1206 1337 1390 1420 uoluptates

122 1461 143 1499 1⁰
159 1454 207 1508 est
242 1440 406 1526 superesse
436 1447 523 1528 quod
554 1466 669 1526 speres.
724 1467 835 1508 omnes
867 1446 983 1509 uicisti:
1025 1446 1161 1527 primum
1193 1465 1264 1507 esse
1294 1454 1329 1507 te
1359 1447 1390 1508 in

158 1553 264 1615 animo
295 1553 385 1615 amici
416 1553 460 1616 tui
491 1552 615 1615 laetare.
670 1551 759 1616 multi
790 1562 822 1615 te
859 1554 1003 1616 uincunt:
1046 1554 1225 1628 considera,
1265 1562 1388 1634 quanto

159 1661 328 1722 antecedas
351 1658 456 1742 plures
480 1680 574 1742 quam
599 1660 745 1741 sequaris.
792 1661 879 1741 quod
904 1661 996 1722 sitin
1019 1670 1052 1723 te
1076 1660 1185 1723 uitium
1209 1662 1389 1723 maximum

158 1768 299 1849 quaeris?
338 1766 431 1830 salsas
462 1767 599 1829 rationes
622 1765 769 1828 conficis:
805 1767 881 1830 data
904 1787 1022 1848 magno
1046 1778 1222 1843 aestumas‚
1255 1778 1392 1848 accepta

156 1895 266 1957 paruo.
797 1869 800 1874 ’
1166 1879 1169 1886 ’

121 1994 142 2034 ¹⁵
246 1981 379 2043 XXXII.
419 1979 517 2042 Aliud
547 1981 579 2042 in
609 1979 671 2042 alio
702 2000 761 2042 nos
793 1981 970 2043 deterreat:
1006 1981 1194 2061 quibusdam
1218 1981 1414 2049 timeamus!

157 2088 253 2164 irasci,
277 2087 465 2170 quibusdam
489 2107 662 2161 uereamur‚
686 2087 876 2168 quibusdam
899 2086 1102 2150 fastidiamus.
1142 2108 1295 2169 magnam
1319 2109 1384 2151 rem

157 2195 222 2257 sine
246 2192 343 2256 dubio
360 2193 534 2269 fecerimus,
556 2195 582 2256 si
602 2193 760 2256 seruolum
776 2193 930 2256 infelicem
946 2196 977 2256 in
993 2193 1184 2274 ergastulum
1203 2195 1384 2272 miserimus,
1400 2224 1403 2229 ’

157 2303 230 2383 quid
262 2321 470 2382 properamus
493 2298 659 2363 uerberare
683 2303 807 2376 statim,
839 2322 928 2364 crura
950 2302 1094 2383 protinus
1116 2301 1284 2383 frangere?
1323 2323 1384 2365 non

157 2408 271 2490 peribit
293 2417 437 2490 potestas
460 2408 527 2482 ista,
550 2408 576 2469 si
600 2392 770 2469 differetur,
806 2409 872 2469 sine
896 2410 929 2469 id
953 2417 1080 2491 tempus
1102 2409 1216 2484 ueniat,
1241 2431 1307 2491 quo
1327 2410 1409 2492 ipsiu

115 2529 141 2569 2⁰
156 2515 337 2576 iubeamus:
365 2535 447 2576 nunc
470 2535 511 2576 ex
535 2517 667 2595 imperio
693 2516 757 2577 irae
781 2514 957 2600 loquimur„
991 2535 1063 2577 cum
1088 2515 1139 2578 illa
1161 2515 1287 2591 abierit,
1311 2525 1383 2580 tunc

155 2620 339 2697 uidebimus
363 2629 482 2702 quanto
505 2622 565 2684 ista
587 2621 623 2683 lis
648 2622 857 2684 aestumanda
879 2622 919 2702 sit
970 2623 1000 2684 in
1023 2621 1085 2684 hoc
1109 2623 1192 2685 enim
1215 2625 1383 2705 praecipue

154 2727 305 2791 fallimur:
340 2729 381 2790 ad
413 2728 527 2791 ferrum
558 2731 716 2803 uenimuS,
747 2730 788 2790 ad
819 2728 961 2810 capitalia
989 2729 1156 2810 supplicia,
1189 2738 1221 2793 et
1246 2729 1383 2806 uinculis

83 2879 84 2882 ,
155 2837 294 2910 carcere,
342 2835 426 2897 fame
464 2836 657 2922 uindicamus
695 2856 762 2897 rem
802 2837 1021 2916 castigandam
1061 2835 1166 2917 flagris
1204 2835 1383 2900 leuioribus

154 2942 337 3022 quomodo,
368 2943 480 3022 inquiS,
509 2962 568 3003 nos
590 2942 679 3004 iubes
701 2942 827 3017 intueri,
851 2962 946 3024 quam
971 2943 1093 3018 omnia,
1116 2963 1172 3026 per
1195 2965 1279 3025 quae
1301 2944 1412 3010 laedit

115 3062 139 3102 25
156 3049 332 3123 uideamur,
365 3050 496 3130 exigua,
527 3052 657 3124 misera,
687 3048 815 3130 puerilia
845 3050 925 3112 sint?
972 3069 1035 3130 ego
1065 3069 1142 3111 uero
1173 3050 1248 3113 nihil
1280 3054 1384 3132 magis

154 3157 302 3217 suaserim
319 3176 430 3235 ·quam
461 3176 586 3218 sumere
618 3159 779 3236 ingentem
803 3158 942 3218 animum
966 3166 999 3219 et
1021 3155 1116 3231 haec,
1146 3167 1280 3240 propter
1302 3179 1385 3240 quae

155 3260 328 3341 litigamus,
353 3263 567 3337 discurrimus,
592 3262 783 3338 anhelamus,
808 3264 916 3354 uidere
938 3283 1029 3345 quam
1053 3263 1180 3326 humilia
1203 3273 1236 3326 et
1260 3265 1385 3328 abiecta

154 3367 230 3442 sint,
254 3365 326 3428 nulli
350 3370 404 3448 qui
428 3367 526 3430 altum
541 3368 702 3449 'quiddam
726 3378 781 3431 aut
804 3367 1006 3448 magnificum
1031 3371 1154 3450 cogitat
1176 3371 1384 3451 respicienda.

243 3473 389 3536 XXXIII.
431 3472 521 3538 Circa
543 3475 708 3557 pecuniam
736 3474 906 3555 plurimum
937 3474 1170 3538 uociferationis
1201 3485 1267 3541 est:
1304 3477 1414 3541 haecl

155 3635 364 3642 -————--.

155 3740 170 3791 5
194 3744 323 3804 cooptatus
348 3739 374 3805 (ο
393 3737 482 3792 altera
502 3741 585 3806 corr.)
671 3740 716 3792 112
742 3743 772 3789 sit
796 3741 820 3789 in
844 3745 868 3790 te
892 3755 962 3793 unus
976 3728 1162 3794 ‘deteriorumz
1189 3743 1288 3792 sitiente

156 3828 188 3880 13
208 3833 313 3878 estumas
337 3828 386 3892 (111
404 3845 419 3876 u
435 3826 552 3895 factal)
651 3827 684 3881 15
709 3830 784 3878 Aliud
809 3829 837 3895 (d
856 3844 895 3882 111
913 3837 921 3879 t
941 3830 1025 3897 corr.)
1097 3846 1099 3851 ’
1126 3828 1159 3882 17
1177 3831 1324 3905 siseruulum
1344 3834 1384 3898 (uu

153 3917 236 3983 corr.)
295 3935 304 3951 0
334 3918 358 3966 in
378 3918 524 3982 ergastulum
544 3917 622 3986 (post
641 3920 665 3967 in
685 3918 751 3983 ras.)
853 3917 887 3970 20
906 3919 1027 3983 loquimur
1047 3917 1137 3988 Bipd:
1158 3919 1288 3984 loquemur

153 4006 185 4058 21
207 4007 350 4070 estumanda
370 4005 440 4073 (11111
461 4008 468 4054 i
488 4006 562 4072 111111.)
655 4005 689 4058 22
709 4007 741 4055 ad
760 4008 877 4071 capitalia
898 4007 925 4073 (d
946 4007 1030 4073 corr.)
1116 4005 1151 4059 ‘24
1169 4011 1300 4073 quomodo
1321 4053 1327 4064 .
1350 4051 1353 4059 .
1376 4053 1383 4065 ,

153 4113 198 4144 nos
218 4097 286 4144 iubes
304 4097 390 4145 intueri
404 4136 410 4148 .
425 4135 431 4149 .
446 4097 469 4148 .?
486 4092 550 4163 fere
568 4094 738 4163 significant:
760 4095 808 4164 qui
821 4095 887 4162 fieri
901 4099 1004 4164 polest,
1023 4102 1052 4148 ut
1070 4111 1121 4148 uos
1138 4095 1233 4149 iubeas
1253 4097 1384 4163 1111111111,

154 4183 323 4251 1111111112,
338 4187 380 4248 31,
397 4187 412 4237 3
432 4185 558 4249 quomodo
575 4201 642 4250 ergo,
663 4185 748 4249 inquit,
768 4185 922 4234 inimicorum
943 4202 988 4234 nos
1001 4186 1103 4235 iniuriae
1116 4187 1230 4235 mouent?
1250 4202 1314 4256 epp.
1329 4193 1354 4250 5,
1368 4192 1382 4240 7

154 4275 279 4339 quomodo
298 4275 345 4323 ista
369 4279 419 4322 tam
439 4274 536 4322 diuersa
559 4275 650 4338 pariter
669 4275 741 4322 eunt?
772 4277 797 4326 11
817 4270 906 4337 Quint.
928 4276 951 4340 1,
973 4276 1013 4336 10,
1034 4275 1067 4326 33
1093 4274 1219 4339 quomodo
1245 4292 1297 4325 non
1316 4278 1384 4327 hauc

154 4379 250 4428 quoque
275 4368 352 4412 artem
377 4363 540 4412 necessariam
566 4379 618 4411 esse
637 4364 706 4426 operi
725 4367 809 4411 nostro
829 4362 868 4412 uel
886 4363 962 4426 iniqui
981 4364 1149 4413 consentient?
1186 4366 1308 4416 celerum
1334 4365 1384 4418 ad·

155 4449 263 4503 modum
284 4449 390 4520 placuit
415 4449 489 4522 quod
514 4449 609 4504 Haase
629 4449 776 4522 proposuit
800 4451 900 4518 intueri,
930 4457 1056 4518 tamquam
1081 4452 1166 4502 omnia
