3046 5092
488 313 567 354 DlAL.
586 313 625 353 ΙΙΙ.
647 313 687 352 DE
705 312 757 352 1th
776 313 831 356 LlB.
851 314 867 355 1.
888 318 906 354 1.
926 317 946 355 ’2.
1032 348 1035 354 .
1286 319 1327 379 37

101 457 203 520 lorum
225 479 259 520 se
282 459 368 540 ipsos
392 459 604 538 torquentium
628 478 740 532 sonus,
777 458 912 538 gemitus
936 461 1137 539 mugitusque
1161 469 1193 521 et
1216 480 1327 541 parum
1387 528 1391 536 .

97 567 276 650 explanatis
299 565 431 626 uocibus
454 585 560 626 sermo
584 575 771 647 praeruptus
803 574 835 626 et
866 565 1037 648 conplosae
1068 567 1191 647 saepius
1216 587 1328 626 manus

93 683 119 733 et
150 671 284 754 pulsata
315 672 430 733 humus
460 671 596 753 pedibus
627 681 659 733 et
689 680 795 733 totum
826 673 985 733 concitum
1017 693 1139 754 corpus
1164 693 1327 752 nugasque

88 779 216 840 delirae
238 779 351 840 mentis
375 799 481 858 agens
512 777 608 839 foeda
631 779 697 839 uisu
722 788 754 840 et
784 778 942 839 horrenda
973 778 1066 840 facies
1089 778 1326 860 deprauantium

55 890 115 945 bse
139 893 252 964 atque
274 886 557 946 intumescentium.
603 885 723 945 nescias
751 893 855 946 utrum
884 886 984 964 magis
1008 884 1195 946 detestabile
1218 886 1326 946 uitium
1356 906 1368 944 5

83 992 118 1052 sit
145 1013 202 1052 an
225 990 377 1053 deforme.
424 1001 529 1052 cetera
558 990 631 1052 licet
662 991 860 1052 abscondere
883 1002 915 1053 et
945 992 976 1051 in
1008 991 1118 1052 abdito
1150 991 1252 1052 alere:
1283 993 1328 1052 ira

81 1117 112 1157 se
149 1097 284 1178 profert
316 1106 349 1158 et
378 1098 410 1157 in
440 1096 552 1157 faciem
576 1098 651 1171 exit,
682 1107 865 1177 quantoque
896 1099 1014 1171 maior,
1054 1098 1115 1158 hoc
1153 1099 1327 1160 efferuescit

81 1203 298 1265 manifestius.
338 1224 402 1264 non
425 1204 513 1265 uides
537 1213 571 1264 ut
592 1205 733 1264 omnium
756 1203 944 1278 animalium,
968 1202 1060 1265 simul
1083 1205 1125 1265 ad
1146 1205 1326 1265 nocendum

80 1308 340 1385 insurrexerunt,
356 1322 557 1391 praecurrant
572 1321 668 1370 notae
692 1330 729 1371 ac
745 1320 813 1371 tota
829 1331 964 1391 corpora
978 1311 1105 1372 solitum
1122 1313 1327 1391 quietumque

48 1419 298 1493 regrediantur
313 1416 457 1478 habitum
482 1424 514 1477 et
529 1415 685 1478 feritatem
708 1436 798 1477 suam
820 1415 1034 1497 exasperent?
1073 1427 1222 1497 spumant
1245 1418 1327 1498 apris
1343 1441 1367 1480 ro

78 1540 143 1595 ora,
188 1525 297 1585 dentes
321 1532 473 1584 acuuntur
496 1524 620 1596 adtritu,
643 1512 805 1583 taurorum
823 1543 940 1583 cornua
961 1525 1115 1584 iactantur
1138 1525 1168 1584 in
1192 1544 1326 1584 uacuum

77 1635 105 1686 et
128 1627 270 1690 harena
292 1629 384 1710 pulsu
399 1631 518 1712 pedum
542 1630 707 1710 spargitur,
731 1629 839 1690 leones
862 1628 1006 1697 fremunt.
1030 1629 1174 1690 inflantur
1197 1631 1326 1691 inritatis

76 1731 176 1795 colla
203 1736 408 1816 serpentibus
431 1736 611 1797 rabidarum
636 1756 748 1796 canum
779 1736 873 1797 tristis
904 1736 1073 1816 adspectus
1105 1745 1171 1797 est':
1206 1736 1325 1796 nullum

75 1846 119 1898 est
158 1841 284 1903 animal
314 1851 381 1903 tam
411 1842 605 1903 horrendum
637 1851 704 1902 tam
735 1843 1009 1922 perniciosumque
1039 1851 1165 1916 natura,
1197 1851 1231 1902 ut
1262 1863 1326 1902 non

42 1955 249 2024 rappareat
271 1949 300 2009 in
329 1947 396 2023 illo,
427 1949 520 2010 simul
549 1949 594 2010 ira
624 1948 747 2023 inuasit,
785 1968 887 2009 nouae
915 1947 1043 2009 feritatis
1074 1950 1219 2010 accessio.
1267 1969 1365 2012 necis

73 2049 213 2128 ignoro
236 2064 360 2116 ceteros
383 2074 511 2135 quoque
534 2054 676 2115 adiectus
700 2055 754 2114 uix
778 2054 935 2128 occultari,
957 2054 1118 2115 libidinem
1142 2064 1326 2135 metumque

17 2148 21 2158 ¹
75 2164 104 2215 et
130 2163 319 2222 audaciam
343 2162 420 2223 dare
442 2162 488 2223 sui
512 2163 602 2241 signa
625 2169 657 2221 et
689 2181 784 2240 posse
815 2161 984 2241 praenosci.
1031 2171 1133 2241 neque
1157 2161 1240 2222 enim
1265 2161 1327 2222 ulla
1425 2200 1427 2205 ·

75 2259 316 2329 uehementior
339 2268 421 2328 intra
443 2268 583 2346 agitati0,
607 2287 688 2347 quae
710 2266 783 2327 nihil
808 2276 936 2328 moueat
959 2269 990 2328 in
1006 2267 1102 2329 uoltu.
1148 2269 1223 2347 quid
1247 2289 1325 2348 ergo
1409 2265 1413 2272 ’

74 2369 247 2435 interest?
294 2375 381 2454 quod
404 2373 453 2435 alii
476 2373 618 2435 adlectus
642 2382 802 2454 apparent,
826 2373 876 2434 hic
900 2375 1025 2435 eminet.

47 2485 59 2536 1
192 2479 226 2541 ll.
257 2485 324 2541 Iam
356 2501 433 2541 uero
461 2481 485 2541 si
517 2481 647 2542 effectus
679 2481 743 2540 eius
775 2482 955 2560 damnaque
985 2481 1096 2542 intueri
1128 2481 1220 2556 ueliS‚
1244 2480 1327 2542 nulla
1342 2501 1367 2541 io

77 2583 198 2659 pestis
218 2585 359 2647 humano
382 2588 489 2666 generi
519 2587 614 2668 pluris
644 2588 738 2647 stetit.
786 2585 907 2648 uidebis
938 2588 1052 2648 caedes
1083 2607 1120 2648 ac
1151 2608 1271 2648 uenena
1295 2596 1328 2649 et

79 2702 225 2753 reorum
249 2702 375 2754 mutuas
398 2694 510 2780 sordes
535 2704 566 2755 et
582 2693 706 2754 urbium
730 2692 837 2754 clades
860 2702 893 2754 et
916 2702 1055 2754 totarum
1073 2694 1169 2755 exitia
1185 2695 1326 2774 gentium

81 2797 110 2848 et
150 2801 336 2880 principum
367 2801 427 2861 sub
459 2798 538 2860 ciuili
568 2799 660 2860 hasta
691 2799 794 2880 capita
826 2798 947 2880 uenalia
978 2809 1010 2861 et
1040 2800 1197 2862 subiectas
1236 2800 1327 2861 tectis

81 2893 187 2964 faces
207 2927 264 2968 nec
286 2906 510 2967 intramoenia
525 2906 680 2966 coercitos
700 2906 789 2984 ignes
812 2904 868 2965 sed
889 2906 1028 2984 ingentia
1044 2907 1144 2986 spatia
1161 2907 1326 2986 regionum

49 2999 205 3072 uhostffi
226 3012 357 3073 flamma
379 3011 556 3073 relucentia.
603 3012 732 3092 adspice
748 3011 1012 3072 nobilissimarum
1030 3013 1190 3073 ciuitatum
1214 3011 1324 3072 sunda·
1340 3031 1366 3070 rs

81 3124 208 3180 menta
229 3120 283 3179 uix
306 3117 476 3179 notabilia:
502 3117 560 3179 has
584 3120 628 3178 ira
643 3119 764 3179 deiecit.
796 3119 923 3198 adspice
948 3117 1130 3179 solitudines
1155 3138 1211 3199 per
1227 3117 1326 3180 multa

80 3210 186 3284 milia
206 3225 271 3286 sine
294 3223 475 3286 habitatore
498 3226 659 3286 desertas:
686 3223 743 3285 has
767 3225 811 3285 ira
834 3224 988 3285 exhausit.
1035 3225 1163 3305 adspice
1186 3234 1235 3286 tot
1259 3245 1325 3286 me-

80 3332 312 3357 ’χ’-

79 3401 258 3483 3⁰¹1gasque
283 3418 377 3468 delirae
401 3420 488 3467 mentis
510 3414 601 3470 Koclt:
629 3434 780 3482 magnasque
804 3419 856 3466 irae
881 3420 960 3466 minas
985 3417 1045 3471 uod.
1070 3435 1221 3483 magnasque
1245 3420 1327 3467 ruinas

77 3485 226 3576 Madut'gh
245 3524 398 3572 magnasque
417 3524 460 3556 ore
477 3524 576 3571 spumas
595 3505 690 3574 Haupt
784 3505 878 3568 lfeda
973 3507 988 3558 5
1009 3509 1067 3572 adq;
1169 3509 1237 3558 uicit]

78 3576 148 3633 δεῖ
181 3596 204 3643 in
221 3597 307 3644 abdito
321 3593 450 3665 plerique
468 3593 544 3648 libri:
567 3601 590 3644 et
609 3596 695 3644 abdito
822 3595 837 3646 9
857 3597 1024 3662 praecurrant]
1046 3603 1190 3660 procurrant
1208 3610 1268 3647 oum
1282 3612 1326 3649 tte·

77 3672 256 3737 ‘miculas
274 3683 440 3738 editionibus
458 3682 554 3736 maluit
574 3680 655 3736 Gertz
681 3681 732 3736 sed
755 3681 826 3735 illud
849 3687 940 3736 tuetur
960 3681 1100 3736 Schultess
1119 3683 1226 3736 conluto
1246 3700 1271 3737 u.
1295 3687 1325 3736 tt

76 3771 229 3822 praenosci
236 3791 242 3831 ;
264 3770 301 3842 os.
319 3779 466 3841 praeterea
485 3788 546 3842 epp.
562 3776 603 3839 ll,
623 3775 654 3823 33
675 3774 885 3837 quemadmodum
905 3775 929 3821 in
949 3775 1094 3837 corporibus
1112 3774 1237 3837 languosis
1255 3775 1326 3837 signa

76 3858 257 3916 praecurrunt
370 3864 525 3935 quietumque
544 3861 640 3914 celeri:
661 3869 722 3926 qett't
839 3861 872 3913 12
892 3878 966 3910 arena
1074 3863 1173 3910 irritatis
1293 3861 1327 3913 14

77 3935 135 3984 ῙἏῙΠ
170 3950 392 4017 perniciosumque]
412 3948 446 4003 de
464 3948 516 4003 ltus
534 3947 693 4020 particulae
712 3967 759 4015 que
777 3948 974 4015 conlocutione,
1000 3940 1033 4002 ab
1056 3949 1205 4002 editoribus
1223 3956 1325 4018 spreta,

78 4017 114 4086 ⁶f·
146 4030 266 4092 Ellendt
284 4038 323 4092 ad
342 4037 394 4093 Cic.
416 4037 450 4091 de
468 4055 507 4093 or.
532 4043 553 4102 l,
575 4043 598 4106 1,
615 4042 648 4105 ,2,
673 4038 721 4091 ubl
738 4054 797 4091 rum
817 4036 873 4091 ullu
891 4036 1021 4108 exemplu
1040 4053 1077 4091 ac
1097 4036 1165 4090 libro
1184 4037 1244 4102 uto,
1270 4046 1327 4090 tum

80 4109 105 4170 2,
131 4115 199 4187 33,
220 4129 268 4178 112
287 4133 368 4177 tantos
388 4133 438 4176 tam
457 4129 681 4192 praecipitatosque
700 4144 769 4176 casus
789 4124 884 4194 adfert
992 4127 1024 4178 lb
1043 4143 1122 4176 nouae
1141 4125 1242 4196 Neap.:
1263 4145 1327 4178 noue

83 4197 169 4262 imm
190 4217 259 4284 noua)
278 4215 339 4270 uod.
431 4216 464 4270 16
483 4212 560 4266 affect'
655 4215 687 4268 18
707 4217 809 4280 agitatio
823 4212 951 4285 Mudut'p:
973 4217 1092 4279 cogitatio
1112 4213 1171 4268 uod.
1191 4218 1326 4267 concitatio

89 4301 192 4370 Gertz
281 4330 316 4373 est
330 4328 398 4393 post
416 4325 535 4388 cogitatio
555 4323 684 4375 omissum
780 4322 846 4370 uultu
937 4320 969 4373 19
995 4307 1064 4370 allius
1159 4320 1193 4372 20
1213 4323 1324 4387 dapnaq3

211 4409 241 4463 23
260 4420 312 4461 asta
420 4412 454 4464 27
470 4404 556 4476 ⁴aspice
