3046 5092
444 329 523 373 niun.
539 329 567 376 v.
596 331 636 372 nn
651 329 702 373 mn
717 330 772 372 nm.
788 331 839 375 111„
856 332 891 373 n.
905 333 940 374 n.
1143 387 1168 403 ,Ἴ
1242 339 1303 400 105

64 478 158 559 regis
190 477 396 541 tabernaculo
427 478 596 554 faciebant,
628 479 716 559 quod
746 478 891 540 homines
922 486 955 540 et
985 478 1244 559 periculosissime
1272 488 1305 546 et

60 583 280 648 libentissime
319 585 449 660 iaciunt,
490 588 531 647 de
567 605 642 665 rege
673 606 730 648 suo
763 585 845 648 male
876 585 1118 647 existimabant?
1165 586 1304 649 audierat
1338 631 1342 638 ·

66 694 181 754 omnia
205 693 404 772 AntigonuS,
435 700 547 772 utpote
579 714 650 754 cum
681 696 761 754 inter
793 694 932 754 dicentes
963 701 995 754 et
1019 693 1208 754 audientem
1221 691 1305 774 palla

67 800 247 861 interesset.
282 819 378 879 quam
402 798 452 861 ille
475 798 583 860 leuiter
608 801 784 861 commouit
808 807 848 874 et,
873 784 1010 880 longius,¹
1021 801 1126 880 inquit,
1142 801 1303 875 discedite,

26 918 112 971 'Sne
151 926 212 967 uos
250 925 308 966 rex
346 906 461 968 audiat.
517 907 602 967 idem
642 906 781 986 quadam
818 915 929 980 nocte,
968 926 1040 967 cum
1070 908 1227 986 quosdam
1261 926 1329 968 exs

72 1010 223 1074 militibus
246 1013 309 1074 suis
332 1014 515 1074 exaudisset
539 1016 645 1075 omnia
668 1012 752 1075 mala
773 1013 962 1094 inprecantis
987 1014 1065 1093 regi,
1088 1015 1141 1094 qui
1164 1014 1249 1094 ipsos
1272 1015 1302 1074 in

72 1117 147 1180 illud
179 1119 239 1181 iter
269 1127 302 1184 et
332 1119 547 1181 inextricabile
570 1118 671 1182 lutum
696 1119 896 1195 deduxisset,
927 1120 1059 1182 accessit
1082 1121 1123 1182 ad
1148 1140 1219 1196 eos,
1251 1121 1302 1202 qui

77 1245 232 1287 maxume
254 1224 452 1300 laborabant,
477 1234 508 1287 et
537 1246 609 1289 cum
633 1228 806 1308 ignorantis
829 1246 848 1287 a
871 1246 935 1307 quo
958 1227 1180 1289 adiuuarentur
1203 1226 1301 1308 expli-

74 1334 204 1407 cuisset,
242 1353 339 1407 nunc,
378 1333 489 1414 inquit,
529 1333 705 1396 maledicite
736 1334 916 1415 Antigon0,
957 1335 1041 1395 cuius
1080 1335 1154 1395 uitio
1184 1335 1215 1395 in
1245 1323 1302 1396 has

74 1439 213 1500 miserias
236 1439 404 1510 incidistis:
438 1441 466 1501 ei
490 1451 596 1503 autem
620 1441 702 1502 bene
727 1449 845 1523 optate,
870 1443 922 1521 qui
945 1461 1003 1502 uos
1019 1460 1061 1502 ex
1077 1439 1137 1502 hac
1152 1443 1303 1522 uoragine
1321 1459 1342 1497 n

48 1546 192 1614 reduxit.
239 1547 323 1608 idem
356 1555 421 1608 tam
453 1548 519 1609 miti
551 1548 657 1609 animo
688 1546 827 1609 hostium
858 1567 986 1609 suorum
1015 1546 1183 1609 maledicta
1205 1568 1302 1628 quam

73 1653 185 1714 ciuium
217 1632 313 1716 tulin
340 1654 446 1734 itaque
477 1674 549 1716 curn
579 1655 609 1715 in
633 1654 765 1735 paruolo
788 1654 928 1735 quodam
953 1652 1083 1715 castello
1107 1654 1219 1716 Graeci
1243 1655 1300 1717 ob-

72 1760 248 1821 siderentur
279 1769 311 1822 et
338 1760 453 1822 fiducia
475 1760 537 1823 loci
562 1769 802 1823 contemnentes
825 1760 951 1822 hostem
976 1760 1080 1825 multa,
1098 1762 1128 1821 in
1153 1759 1300 1823 deformi-

71 1874 170 1928 tatem
188 1865 345 1948 Antigoni
361 1867 537 1929 iocarentur
553 1878 585 1929 et
600 1888 682 1930 nune
698 1876 849 1930 staturam
867 1866 1026 1942 humilem,
1051 1887 1133 1928 nunc
1149 1869 1299 1930 conlisum

70 1995 183 2036 nasum
215 1974 411 2050 deriderent,
449 1977 589 2056 gaude0,
621 1976 732 2056 inquit,
763 1985 796 2037 et
825 1973 940 2055 aliquid
972 1975 1048 2036 boni
1078 1994 1183 2055 spero,
1216 1976 1241 2036 si
1269 1976 1339 2036 inu

39 2082 181 2151 {icastris
214 2082 291 2142 meis
322 2079 463 2143 Silenum
494 2081 608 2144 habeo
655 2102 727 2143 cum
758 2081 817 2142 hos
848 2081 971 2143 dicaces
1002 2079 1087 2142 fame
1117 2064 1301 2157 domuisset,

70 2189 171 2270 captis
203 2188 248 2250 sic
277 2208 351 2250 usus
384 2197 444 2262 est,
478 2198 512 2250 ut
543 2208 598 2250 eos
621 2188 673 2269 qui
698 2188 824 2250 militiae
847 2187 937 2250 utiles
961 2196 1067 2262 erant,
1097 2188 1128 2248 in
1151 2188 1300 2251 cohortes
1394 2226 1395 2229 =

69 2296 279 2370 describeret,
320 2304 444 2357 ceteros
482 2298 631 2375 praeconi
662 2296 835 2357 subiceret:
885 2297 918 2357 id
949 2314 1076 2376 quoque
1106 2314 1141 2356 se
1172 2299 1300 2376 negauit

67 2400 226 2464 facturum
250 2401 353 2477 suisse,
376 2403 434 2463 nisi
450 2402 617 2482 expediret
633 2401 681 2464 his
697 2404 863 2464 dominum
880 2401 1017 2478 habere,
1031 2404 1083 2482 qui
1099 2409 1166 2464 tam
1183 2402 1300 2465 malam

68 2506 226 2570 haberent
248 2506 398 2589 linguam.
1084 2526 1087 2532 ·
1314 2528 1340 2568 ro
1395 2552 1397 2557 -

33 2635 45 2685 l
159 2615 275 2679 XXIII.
308 2615 409 2677 Huius
432 2635 532 2696 nepos
555 2615 614 2678 fuit
635 2615 830 2691 Alexander,
854 2618 907 2697 qui
930 2614 1071 2678 lanceam
1095 2618 1126 2678 in
1150 2618 1300 2679 conuiuas

67 2742 144 2784 suos
175 2722 363 2804 torquebat,
394 2725 447 2804 qui
478 2742 520 2784 ex
552 2722 677 2785 duobus
707 2724 817 2785 amicis
848 2743 928 2803 quos
959 2721 1055 2804 paulo
1084 2732 1157 2785 ante
1186 2723 1300 2798 rettuli,

66 2827 205 2892 alterum
237 2827 321 2890 serae
351 2828 485 2904 obiecit,
517 2828 651 2892 alterum
681 2829 748 2892 sibi.
801 2850 844 2891 ex
874 2829 922 2892 his
953 2830 1078 2891 duobus
1109 2839 1217 2893 tamen
1248 2833 1300 2911 qui

29 2935 153 3005 21eoni
184 2935 329 2997 obiectus
353 2944 414 3010 est,
446 2938 534 2998 uixit.
580 2957 645 2998 non
668 2935 779 2999 habuit
801 2936 867 3011 hoc*
888 2939 1007 2999 auitum
1030 2936 1081 2999 ille
1104 2939 1229 3011 uitium,
1260 2957 1300 2998 ne

64 3051 239 3122 paternum
270 3041 407 3122 quidem.
458 3063 532 3105 nam
563 3045 588 3104 si
619 3063 683 3123 qua
712 3042 773 3105 alia
803 3046 833 3105 in
857 3043 1001 3124 Philippo
1032 3046 1147 3118 uirtuS,
1178 3041 1236 3105 fuit
1266 3053 1299 3106 et
1314 3063 1339 3102 n

64 3148 332 3211 contumeliarum
365 3151 532 3230 patientia,
565 3152 675 3230 ingens
705 3153 949 3212 instrumentum
979 3151 1021 3212 ad
1044 3150 1177 3212 tutelam
1202 3153 1299 3231 regni.

64 3255 290 3317 Demochares
321 3257 363 3318 ad
394 3255 481 3317 illum
506 3256 734 3318 Parrhesiastes
767 3257 810 3317 ob
841 3259 970 3319 nimiam
994 3266 1026 3319 et
1049 3277 1218 3337 procacem
1242 3256 1297 3318 lin-

64 3383 168 3444 guam
192 3361 369 3443 adpellatus
393 3365 473 3425 inter
496 3362 574 3424 alios
597 3362 843 3425 Atheniensium
865 3362 990 3445 legatos
1007 3372 1146 3426 uenerat.
1192 3365 1300 3426 audita

65 3469 210 3550 benigne
247 3468 406 3548 legatione
438 3469 615 3550 PhilippuS,
654 3469 761 3545 dicite,
802 3473 916 3551 inquit,
955 3470 1044 3545 mihi,
1083 3470 1185 3532 lacere
1224 3471 1299 3552 quid

64 3578 210 3658 possim,
248 3577 336 3657 quod
372 3579 413 3638 sit
443 3574 693 3638 Atheniensibus
732 3586 866 3657 gratum.
922 3581 1049 3658 excepit
1081 3577 1299 3639 Demochares
1313 3593 1339 3632 30

63 3841 82 3894 Σ).
103 3841 278 3890 exishmabant
300 3838 470 3894 Gronouius:
491 3843 631 3890 existimant
734 3839 749 3892 3
770 3842 877 3892 dicentes
896 3837 1060 3894 Pincianus:
1083 3842 1203 3893 dicentem

64 3948 166 4000 Tillud
185 3947 213 4013 (d
232 3962 270 4000 ex
288 3954 297 3996 t
316 3947 400 4015 corr.)
499 3924 681 3998 &laborabant
777 3948 930 4012 explicuisset
949 3949 1041 4018 (prior
1059 3966 1070 3997 s
1089 3948 1117 4000 itt
1135 3951 1202 4012 ras.)
1292 3938 1296 3946 ¹

66 4074 101 4126 11
123 4043 174 4122 lam
193 4075 248 4122 miti
267 4070 318 4124 El:
340 4072 429 4121 immiti
519 4071 549 4123 12
568 4071 652 4137 greci}
688 4051 691 4059 ,
731 4030 965 4123 13c0ntemi1enes
1050 4072 1082 4125 15
1102 4073 1194 4138 aliquId
1213 4074 1241 4138 (d
1259 4087 1297 4125 ex

64 4196 182 4264 tcum.)
239 4195 322 4248 .16
341 4173 419 4246 sames
516 4196 550 4248 li
569 4180 657 4260 capitis
754 4196 788 4249 18
808 4198 833 4245 id
851 4212 947 4260 quoque
967 4194 1018 4249 El:
1040 4198 1113 4261 idque
1207 4194 1238 4247 19
1257 4213 1297 4245 ex·

65 4322 164 4387 pediret
183 4283 219 4324 his
239 4323 311 4388 (post
328 4327 337 4369 t
356 4319 423 4387 ras.)
514 4318 547 4371 26
567 4326 592 4368 at
611 4321 686 4370 tutela
705 4321 740 4388 (at
760 4320 787 4371 in
807 4321 840 4368 ad
858 4317 967 4386 atdetur
986 4317 1123 4372 ululatum
1137 4322 1207 4385 esse)

66 4443 105 4498 28
123 4446 262 4511 appellatus
336 4443 370 4496 29
390 4397 475 4509 inquiri
