3046 5092
468 111 509 151 DE
523 111 635 152 CODlCE
650 109 887 152 MEDIOLANENSI.
1193 109 1293 149 xxxlll

155 256 411 337 Disputationem
437 258 477 318 de
500 257 617 317 codicis
639 258 759 317 euentis
775 257 815 316 ad
833 255 927 316 finem
944 256 1097 334 perduxi;
1123 255 1164 316 de
1179 257 1293 316 nostris

60 365 208 428 Senecae
239 364 280 424 ad
311 361 389 423 illius
420 361 517 423 fidem
548 363 737 423 emendandi
766 362 938 422 rationibus
961 377 1062 440 pauca
1084 363 1210 423 addam.
1258 361 1293 421 In

62 491 134 551 quo
157 488 273 548 genere
296 469 433 548 primum
459 468 760 528 commemorandae
783 477 855 528 sunt
886 466 1037 528 lectiones
1061 468 1136 527 satis
1167 467 1294 540 multae,

59 596 145 658 quas
168 584 202 637 ut
225 574 276 636 uel
299 595 399 635 nouas
423 574 472 635 uel
495 574 653 636 obliuione
685 576 816 636 obrutas
847 594 889 634 ex
920 574 988 653 ipso
1020 574 1130 634 codice
1153 573 1293 654 proferre

58 683 187 752 liceret,
220 680 334 742 effecit>
350 682 517 742 coniuncta
540 680 687 741 Italorum
713 691 745 741 et
768 680 904 741 Fickerti
926 679 1134 759 neglegentia.
1182 680 1294 758 Neque

57 795 189 851 tantum
214 785 290 848 mihi
313 788 463 861 adsum0‚
496 796 529 848 ut
553 788 646 868 siquis
670 787 720 849 uel
750 788 851 848 minus
881 794 968 847 recte
997 786 1159 866 quidpiam
1183 785 1294 865 legerit

58 893 114 956 uel
148 913 244 953 unum
277 893 450 955 alterumue
486 896 617 955 uerbum
641 895 834 956 intercidere
864 914 974 973 passus
1008 893 1048 954 sit
1079 892 1130 953 uel
1159 893 1293 953 inmuta-

56 1001 146 1062 uerit
177 1001 322 1061 ordinem
354 1000 597 1075 uocabulorum,
628 1011 798 1082 propterea
829 1021 902 1061 eum
932 1000 1008 1060 odio
1045 1008 1076 1061 et
1108 1008 1294 1080 contemptu

56 1108 322 1189 persequendum
346 1127 416 1168 esse
439 1127 603 1182 censeam,
634 1108 696 1169 hoc
720 1091 808 1181 dico,
839 1128 877 1169 ea
904 1107 1039 1187 quaein
1063 1106 1173 1167 codice
1196 1107 1291 1167 mani·

55 1214 148 1276 sesto
170 1214 455 1294 deprehendantur,
479 1234 551 1276 cum
568 1215 617 1276 uel
641 1217 671 1275 in
688 1214 793 1285 multis
817 1214 866 1275 uel
889 1215 919 1274 in
942 1213 1081 1295 plurimis
1104 1213 1294 1274 editionibus
1347 1273 1349 1276 .

55 1341 134 1382 non
163 1322 265 1382 minus
288 1329 381 1382 recte*
404 1323 520 1403 scripta
549 1322 626 1395 sint,
657 1342 784 1401 prorsus
808 1320 990 1382 oblitterare
1018 1329 1051 1381 et
1073 1320 1161 1400 quasi
1185 1321 1294 1381 restin-

56 1447 174 1507 guere,
198 1447 261 1488 non
286 1426 398 1488 cadere
422 1428 452 1488 in
476 1429 631 1488 editorem
656 1427 846 1508 diligentem.
894 1425 988 1491 Cuius
1007 1428 1136 1507 quidem
1160 1427 1296 1487 criminis

56 1554 165 1614 quam
195 1553 291 1613 saepe
319 1534 445 1595 Fickert
476 1535 679 1597 conuincatur
710 1555 781 1595 cum
806 1535 1053 1595 commentarius
1083 1543 1192 1595 noster
1220 1533 1295 1594 satis

58 1641 193 1714 doceat,
216 1639 314 1701 doleo
338 1661 377 1701 ne
401 1640 553 1702 Haasium
577 1641 705 1721 quidem
730 1641 903 1702 accuratius
926 1649 1049 1701 ueteres
1073 1639 1225 1700 editiones
1249 1641 1293 1700 in-

61 1746 191 1825 spicere
213 1745 353 1808 uoluisse·
365 1756 398 1808 et
413 1748 440 1808 F
441 1747 550 1809 ickerti
573 1730 647 1808 fidei
671 1748 904 1828 emancipatum
919 1763 1001 1827 quae
1020 1746 1071 1807 ille
1087 1746 1297 1807 commisisset

62 1832 232 1915 dimidiata
262 1853 355 1934 culpa
387 1855 417 1914 in
447 1875 481 1915 se
513 1853 714 1916 transtulisse.
766 1853 846 1928 Sunt
878 1853 956 1915 haec
986 1855 1110 1926 omnia,
1141 1862 1176 1914 ut
1207 1852 1296 1914 facile

65 1961 306 2039 perspiciantur,
321 1961 396 2022 satis
412 1961 442 2021 in
459 1962 687 2023 commentario
704 1959 885 2041 significata,
910 1961 960 2022 hic
976 1961 1087 2022 iterare
1103 1980 1184 2041 quae
1199 1958 1295 2045 liben-

69 2065 136 2124 tius
157 2068 282 2128 omnino
306 2067 429 2128 silentio
452 2068 669 2148 praeterirem,
693 2069 895 2148 supersedeo.
944 2067 1025 2148 Quo>
1044 2068 1144 2146 magis
1167 2048 1296 2128 iuuabat

75 2189 149 2230 cum
168 2171 357 2235 felicissimas
385 2174 539 2254 quasdam
571 2175 765 2236 coniecturas
789 2173 977 2248 Woelfflini,
1001 2173 1114 2257 Haasi‚
1145 2173 1295 2251 Maduigi,

10 2345 12 2355 ,
80 2273 186 2352 Gertzi,
209 2281 341 2342 aliorum
366 2283 541 2343 certissimo
564 2282 681 2342 codicis
706 2282 822 2342 lumine
846 2280 1022 2342 inlustratas
1047 2291 1079 2342 et
1094 2278 1296 2342 confirmatas

10 2430 12 2437 .
83 2380 223 2447 uidebam‘
243 2386 294 2448 uel
317 2407 390 2448 cum
414 2388 471 2468 ipsi
494 2398 529 2450 ut
553 2389 668 2448 eodem
697 2388 778 2448 duce
809 2399 840 2448 et
872 2397 1002 2449 auctore
1032 2387 1160 2448 uolnera
1192 2387 1296 2447 adhuc

87 2485 132 2546 uel
151 2503 254 2570 operta
286 2493 336 2555 uel
366 2503 478 2574 aperta
508 2502 542 2555 ut
572 2515 717 2556 sanarem
750 2479 968 2575 contingebat..
1011 2493 1160 2556 Ceterum
1190 2514 1243 2554 me
1265 2494 1296 2553 in

91 2591 148 2670 ipsa
166 2595 301 2662 Senecae
330 2603 473 2662 oratione
497 2602 718 2664 constituenda
740 2610 893 2682 quantum
925 2600 991 2662 fieri
1021 2603 1125 2682 potuit
1148 2610 1240 2662 caute
1264 2610 1295 2662 et

93 2697 296 2787 circumspecte
327 2717 486 2770 uersatum
518 2729 588 2770 esse
618 2728 743 2770 summa
773 2708 836 2770 tide
867 2707 1036 2770 adfirmare
1067 2707 1156 2782 licet,
1187 2710 1230 2769 ita
1262 2718 1296 2768 ut

95 2809 206 2872 eundem
235 2834 310 2875 cum
340 2817 371 2874 in
402 2824 545 2876 ueterum
579 2816 765 2877 coniecturis
803 2835 935 2896 quarum
968 2815 1134 2876 latissimus
1165 2814 1293 2876 laetissi-

49 2924 54 2934 ·
97 2927 203 2996 musque
211 2919 357 3001 patebat
381 2941 526 3002 campus,
556 2933 624 3003 tum
648 2923 679 2983 in
702 2923 912 2984 recentiorum
937 2922 1077 3002 meisque
1099 2922 1195 3001 ipsius
1219 2925 1293 2983 reci-

96 3013 191 3090 piendis
212 3029 366 3089 tenuerim
390 3049 515 3090 cursum
538 3038 633 3109 atque
657 3031 738 3090 adeo
762 3029 847 3091 haud
872 3050 942 3091 raro
967 3049 1103 3108 eaquae
1118 3028 1294 3089 reiectanea

97 3136 151 3184 esse
162 3131 322 3194 manifesto
339 3144 512 3216 appareret,
536 3138 665 3197 omnino
682 3157 746 3197 non
770 3135 1096 3197 commemorauerim.
1126 3135 1296 3197 Rationes

96 3222 168 3307 ipsas,
187 3239 299 3319 quibus
323 3241 352 3301 in
376 3241 504 3321 singulis
527 3242 604 3304 locis
628 3244 740 3304 ductus
763 3262 848 3316 sum,
880 3244 937 3304 nisi
967 3245 999 3304 in
1022 3262 1055 3302 re
1078 3243 1242 3323 perspicua
1266 3251 1297 3303 et

10 3404 13 3409 .
96 3328 127 3389 ab
146 3339 200 3405 aliis
222 3345 273 3406 uel
297 3367 317 3408 a
339 3367 392 3408 me
413 3348 482 3428 ipso
506 3349 581 3410 satis
598 3349 764 3430 explicata,
789 3328 973 3411 breuissime
990 3351 1141 3423 enarraui,
1165 3347 1296 3410 aliorum

96 3453 160 3513 <luae
178 3455 277 3514 minus
300 3453 478 3533 placebant,
502 3475 566 3515 non
590 3458 692 3517 minus
715 3457 851 3517 breuiter
875 3454 1035 3542 refutaui„

106 3543 119 3569 '
166 3553 224 3620 Sed
248 3558 328 3621 haec
349 3559 511 3624 hactenus
557 3562 670 3624 Restat
693 3564 851 3623 succincta
874 3564 914 3623 de
938 3561 1156 3623 consolatione
1179 3563 1220 3622 ad
1237 3562 1295 3621 Po-

95 3644 193 3724 lybium
223 3665 407 3728 admonitio
453 3667 505 3729 Ac
536 3667 671 3750 primum
703 3689 774 3730 eam
807 3668 967 3729 Gertzium
998 3677 1123 3729 secutus
1146 3671 1177 3730 in
1200 3667 1296 3729 finem

96 3757 180 3843 reieci,
208 3784 242 3835 ut
273 3793 383 3835 eorum
415 3775 630 3854 dialogorum,
661 3777 714 3855 qui
742 3775 853 3837 codice
876 3774 1094 3836 Ambrosiano
1117 3778 1296 3848 niterentur,

96 3879 224 3950 perpetua
246 3891 332 3942 esset
355 3882 555 3943 continuatio.
604 3873 835 3943 Consolationis
866 3891 973 3944 autem
1003 3882 1081 3944 illius
1113 3902 1185 3943 cum
1214 3881 1295 3942 Am-

98 3965 234 4048 bosianus
273 3989 329 4050 nisi
374 3989 518 4070 reliquias
561 3988 725 4049 nonnullas
764 4009 880 4069 easque
925 3990 1101 4051 admodum
1149 3990 1297 4050 euanidas

99 4087 225 4154 praebeat
247 4094 330 4169 nihil,
353 4095 459 4156 reiecti
481 4115 589 4156 sumus
606 4096 646 4155 ad
662 4097 828 4157 deterioris
843 4096 961 4157 ordinis
977 4095 1110 4157 codices.
1141 4095 1170 4156 E
1185 4096 1299 4177 quibus

101 4195 216 4260 Omnium
236 4202 351 4264 iudicio
374 4201 677 4282 praestantissimum
693 4201 927 4264 Berolinensem
944 4222 1024 4264 saec.
1040 4201 1127 4264 XIV.
1145 4212 1179 4263 ut
1203 4223 1298 4263 manu

1072 4325 1085 4357 C
