3046 5092
155 325 217 386 238
380 320 459 360 DIAL.
470 317 499 361 X.
528 319 569 358 Ab
585 303 739 359 PAVLINVM
755 320 795 359 DE
810 319 981 360 BREVlTATE
995 319 1092 362 V1TAE.
1124 323 1156 364 ll.

154 466 336 547 opinionum
361 466 541 528 conditores
564 464 656 526 nobis
679 464 742 527 nati
765 474 852 538 sunt,
880 465 972 527 nobis
995 467 1078 527 uiam
1102 478 1379 549 praeparauerunt.

154 574 195 634 ad
227 592 276 634 res
308 571 534 652 pulcherrimas
565 591 607 632 ex
638 572 776 633 tenebris
807 572 848 632 ad
880 570 982 633 lucem
1015 581 1119 634 erutas
1142 573 1245 636 alieno
1270 575 1382 638 labore

154 680 347 741 deducimur.
394 678 479 740 nullo
503 677 595 740 nobis
618 677 743 739 saeculo
767 678 967 740 interdictum
992 688 1048 752 est,
1072 680 1101 739 in
1117 682 1225 761 omnia
1241 682 1380 744 admitti-

87 787 89 791 ’
156 807 226 847 mur
246 795 286 860 et,
310 787 335 847 si
356 785 571 865 magnitudine
588 784 682 846 animi
698 785 806 864 egredi
823 782 979 846 humanae
995 784 1204 848 inbecillitatis
1220 790 1382 868 angustias

129 892 246 966 alibet,
270 891 421 966 multum,
446 912 503 971 per
526 892 614 973 quod
637 892 818 971 spatiemur,
842 892 995 972 temporis
1019 901 1075 954 est.
1123 894 1285 974 disputare
1308 915 1379 955 cum
1417 926 1424 969 1

155 997 288 1062 Socrate
317 979 405 1073 licet,
443 998 587 1060 dubitare
618 1018 689 1059 cum
722 996 901 1071 Carneade,
940 1017 1011 1060 curn
1043 998 1180 1080 Epicuro
1211 1002 1381 1081 quiescere,

155 1106 290 1168 hominis
314 1116 458 1168 naturam
482 1125 554 1166 cum
571 1103 686 1167 Stoicis
709 1104 840 1179 uincere,
865 1124 937 1165 cum
954 1103 1080 1184 Cynicis
1103 1108 1271 1168 excedere.
1311 1127 1380 1169 cum

156 1233 259 1275 rerum
290 1221 401 1274 natura
431 1212 460 1272 in
490 1211 696 1273 consortium·
707 1211 809 1272 omnis
834 1212 901 1272 aeui
925 1212 1061 1291 patiatur
1075 1212 1243 1288 incedere,
1276 1216 1382 1296 quidni

156 1321 197 1382 ab
221 1320 284 1381 hoc
307 1319 424 1397 exiguo
448 1327 479 1380 et
504 1319 625 1379 caduco
649 1318 800 1398 temporis
824 1318 955 1379 transitu
978 1318 1009 1378 in
1032 1317 1083 1380 illa
1105 1328 1176 1381 toto
1194 1340 1253 1383 nos
1271 1325 1381 1382 demus

117 1444 142 1484 ru
157 1427 278 1501 anim0,
310 1445 391 1507 quae
422 1426 577 1499 inmensa,
609 1444 690 1505 quae
721 1432 849 1485 aeterna
880 1432 967 1498 sunt,
999 1445 1175 1504 quaecum
1201 1427 1384 1489 melioribus

157 1533 356 1594 communia?
396 1533 461 1605 isti,
493 1533 546 1612 qui
576 1551 633 1612 per
665 1529 768 1591 officia
801 1531 991 1604 discursant,
1021 1533 1073 1612 qui
1104 1551 1139 1592 se
1170 1531 1312 1614 aliosque
1338 1537 1416 1601 ina

157 1640 313 1721 quietant,
330 1659 401 1700 cum
425 1639 507 1699 bene
531 1637 717 1711 insanierint,
742 1656 813 1698 cum
837 1638 979 1698 omnium
1003 1636 1109 1700 limina
1124 1640 1242 1701 cotidie
1259 1660 1381 1721 peram-

158 1745 332 1807 bulauerint
355 1764 414 1806 nec
436 1743 518 1805 ultas·
537 1753 664 1824 apertas
688 1742 770 1805 iores
793 1745 1023 1823 praeterierint,
1055 1763 1127 1805 cum
1152 1765 1209 1825 per
1239 1748 1391 1836 diuersis-¹

157 1854 253 1914 simas
270 1854 386 1913 domos
401 1851 594 1912 meritoriam
610 1850 831 1912 salutationem
848 1834 1100 1926 circumtulerint,
1122 1861 1257 1933 quotum
1274 1873 1378 1933 quem-

120 1976 143 2014 u
157 1980 219 2040 que
247 1979 290 2019 ex
320 1966 387 2019 tam
418 1957 560 2018 inmensa
591 1966 622 2017 et
654 1958 744 2019 uariis
775 1957 997 2038 cupiditatibus
1028 1958 1167 2020 districta
1193 1959 1270 2020 urbe
1293 1968 1378 2040 pote-

158 2074 230 2128 runt
260 2066 387 2126 uidere?
425 2084 522 2143 quam
554 2063 641 2124 multi
674 2073 780 2137 erunt,
816 2083 952 2144 quorum
983 2063 1052 2125 illos
1083 2075 1138 2126 aut
1168 2086 1301 2128 somnus
1331 2075 1405 2131 autt

157 2173 281 2234 luxuria
311 2180 364 2232 aut
391 2146 606 2232 ‘inhumanitas
636 2172 846 2232 submoueat?
886 2190 982 2251 quam
1006 2171 1095 2233 multi
1119 2173 1171 2253 qui
1195 2171 1281 2248 illos,
1312 2193 1379 2235 cum

160 2280 211 2340 diu
243 2280 404 2350 torserint,
436 2276 582 2338 simulata
605 2276 802 2339 festinatione
825 2281 1056 2338 transcurrant?
1095 2299 1192 2358 quam
1216 2279 1307 2341 multi
1329 2301 1381 2362 per

159 2384 307 2447 refertum
331 2384 495 2445 clientibus
518 2385 630 2445 atrium
653 2385 779 2464 prodire
802 2383 947 2445 uitabunt
968 2392 1001 2444 et
1016 2404 1072 2466 per
1089 2385 1243 2447 obscuros
1260 2389 1380 2449 aedium

83 2531 89 2539 »
119 2493 263 2554 maditus
293 2489 492 2571 profugient?
532 2492 619 2572 quasi
650 2511 714 2551 non
745 2470 942 2552 inhumanius
973 2492 1013 2554 sit
1037 2493 1184 2573 decipere
1206 2514 1303 2574 quam
1328 2515 1380 2556 ex-

159 2599 293 2661 cludere.
338 2618 434 2679 quam
459 2597 547 2659 multi
571 2596 718 2659 hesterna
742 2598 868 2680 crapula
891 2599 1099 2660 semisomnes
1121 2608 1155 2660 et
1177 2620 1306 2679 graueS,
1330 2600 1382 2662 illis

160 2706 278 2767 miseris
308 2683 403 2766 suum
431 2725 579 2768 somnum
610 2706 842 2786 rumpentibus,
879 2715 913 2767 ut
944 2706 1079 2767 alienum
1111 2716 1299 2787 expectent,
1332 2709 1382 2769 uix

160 2808 312 2885 adleuatis
333 2810 427 2872 labris
448 2791 673 2873 insusurratum
691 2811 810 2873 miliens
826 2832 944 2873 nomen
961 2813 1146 2873 oscitatione
1162 2814 1384 2895 superbissima

160 2921 315 2981 reddent?
355 2917 414 2979 hos
437 2918 467 2978 in
491 2920 575 2980 ueris
595 2917 702 2979 officiis
726 2919 840 2980 morari
866 2919 1036 2999 {putamusl
1062 2919 1134 2980 licet
1158 2921 1311 2996 dicamus
1334 2921 1412 3002 quib

120 3041 145 3080 25
160 3026 339 3100 Zenonem,
371 3027 434 3106 qui
473 3023 678 3106 Pythagoran
717 3026 832 3087 cotidie
871 3033 903 3086 et
941 3025 1160 3088 Democritum
1200 3037 1384 3109 ceterosque

160 3133 314 3193 antistites
338 3132 495 3193 bonarum
519 3133 641 3207 artium,
665 3132 718 3213 qui
733 3131 941 3194 Aristotelem
957 3142 990 3193 et
1006 3132 1264 3213 Theophrastum
1280 3133 1385 3196 uolent

161 3239 278 3301 habere
310 3259 405 3320 quam
438 3238 704 3301 familiarissimos.
750 3259 845 3301 nemo
877 3238 991 3301 horum
1022 3259 1086 3300 non
1117 3241 1260 3316 uacabit,
1291 3261 1385 3303 nemo

161 3366 224 3407 non
249 3346 426 3407 uenientem
451 3347 493 3407 ad
515 3367 549 3407 se
570 3346 746 3407 beatiorem
762 3347 1034 3426 amantioremque
1050 3348 1096 3407 sui
1112 3347 1259 3414 dimittet.
1292 3367 1385 3410 nemo

161 3471 354 3533 quemquam
386 3453 491 3513 uacuis
521 3473 541 3514 a
570 3473 605 3513 se
636 3453 780 3514 manibus
809 3453 895 3514 abire
918 3455 1063 3533 patietur.
1110 3463 1206 3531 nocte
1229 3439 1386 3516 conueniri

122 3575 147 3614 30
162 3567 195 3620 et
217 3559 351 3620 interdiu
375 3557 416 3619 ab
441 3558 587 3621 omnibus
612 3559 796 3621 mortalibus
818 3568 961 3640 possunt.

163 3807 176 3858 l
197 3809 263 3856 uiam
277 3805 399 3876 Lt'ptst‘us:
414 3809 490 3856 uitam
569 3807 584 3859 3
603 3807 676 3855 nobis
689 3807 757 3870 secio
772 3806 911 3872 (isinrar.)
997 3807 1012 3860 ῖ
1032 3809 1157 3870 excedere,
1171 3809 1385 3860 cum..'incede1·e.

163 3897 255 3960 Quidni
265 3895 362 3966 uulq03
378 3896 619 3965 interpunctionem
632 3893 735 3948 entend.
744 3893 856 3963 Madur'p
930 3913 985 3945 cum
999 3912 1104 3946 rererum
1179 3896 1213 3949 10
1225 3903 1309 3961 eterna
1322 3898 1349 3961 (a
1361 3894 1385 3947 in

162 3985 230 4051 res.)
307 3984 339 4038 14
352 3987 477 4035 meritoria
490 3987 524 4049 (m
535 3988 728 4055 portaerem,
741 3999 801 4036 eum
815 3993 896 4038 antea
905 3986 1015 4054 punctis
1023 3989 1118 4038 notata
1130 3992 1213 4044 essen
1229 3985 1257 4037 in
1267 3984 1400 4054 marqine.

163 4077 225 4126 nah
247 4075 371 4123 meritoria
390 4075 542 4140 i.0fficinas)
616 4072 650 4126 22
675 4075 769 4123 miseris
788 4054 845 4126 Ea}
867 4076 969 4124 miseriis
1059 4075 1227 4140 rumpentibus
1246 4070 1383 4127 Muretus:

164 4171 301 4229 rumpentes
318 4166 355 4228 (es
367 4162 394 4215 t'n
407 4163 473 4229 rar.)
565 4144 691 4228 elpectent
704 4163 828 4215 t'nrrtert'to
842 4169 952 4231 temptet
967 4160 1048 4216 Gertz
1133 4164 1166 4216 23
1186 4164 1283 4226 miliehs

143 4288 197 4345 ,24
223 4297 334 4353 putamus
358 4304 429 4341 tenus
454 4285 619 4342 deteriorum
645 4288 731 4341 omisit
845 4287 879 4339 27
904 4289 1004 4336 uacabit
1028 4287 1091 4339 olim
1110 4298 1199 4340 cortu:
1221 4263 1301 4338 uachit

164 4428 198 4482 28
218 4388 436 4480 amantioremqsui
500 4472 502 4476 .
526 4431 560 4484 29
580 4447 628 4480 con
646 4417 723 4480 ueniri
742 4401 763 4431 et
778 4415 856 4479 inldlu
