3046 5092
654 971 683 1036 u.
715 971 856 1038 runnu
881 973 1045 1039 suuncio

459 1119 899 1231 DIALOGORVM
936 1123 1130 1219 LIBER
1165 1125 1241 1221 VI.

735 1333 783 1379 ΑΙ)
804 1332 964 1380 MARCIAM

697 1471 737 1524 llll
758 1469 1002 1528 consumamur.

772 1619 926 1626 ———.--...

324 1759 346 1821 1.
380 1727 450 1821 Nisi
474 1768 515 1834 te,
540 1759 666 1834 Marcia,
690 1760 806 1836 scirem,
826 1769 892 1823 tam
917 1738 1012 1842 longe
1035 1761 1076 1822 ab
1101 1761 1280 1826 infirmitate
1304 1764 1461 1828 muliebris
1481 1779 1488 1830 l

235 1867 328 1928 animi
357 1887 452 1948 quam
477 1887 496 1928 a
519 1868 630 1929 ceteris
655 1868 734 1929 uitiis
758 1868 922 1930 recessisse
946 1878 978 1929 et
1002 1888 1107 1930 mores
1131 1878 1202 1930 tuos
1226 1870 1313 1932 uelut
1338 1871 1463 1954 aliquod

235 1974 397 2055 antiquum
430 1973 594 2054 exemplar
625 1975 759 2055 adspici,
792 1994 855 2034 non
880 1975 1030 2035 auderem
1054 1974 1183 2037 obuiam
1206 1976 1251 2038 ire
1273 1976 1379 2040 dolori
1403 1988 1464 2055 tuo,

235 2081 282 2141 eui
306 2081 361 2141 uiri
384 2101 511 2162 quoque
534 2080 667 2141 libenter
688 2079 820 2142 haerent
838 2089 869 2142 et
886 2082 1042 2156 incubant,
1066 2102 1124 2143 nec
1139 2102 1229 2163 spem
1248 2086 1464 2166 concepissem

209 2196 302 2248 utam
333 2188 437 2268 iniquo
469 2195 630 2268 tempore,
662 2197 728 2248 tam
759 2188 883 2249 inimico
915 2188 1031 2262 iudice,
1062 2197 1129 2249 tam
1157 2189 1313 2252 inuidioso
1337 2193 1464 2255 crimine

235 2313 329 2374 posse
361 2314 413 2354 me
444 2293 582 2368 efficere,
614 2303 648 2354 ut
679 2292 837 2354 fortunam
870 2303 956 2355 tuam
981 2292 1170 2358 absolueres.
1215 2295 1365 2360 fiduciam
1391 2299 1466 2360 mihi

234 2400 323 2462 dedit
351 2400 552 2481 exploratum
581 2399 643 2460 iam
668 2399 764 2461 robur
788 2401 881 2461 animi
905 2410 936 2462 et
960 2421 1078 2481 magno
1102 2403 1322 2482 experimento
1346 2406 1464 2488 adpro-

234 2508 311 2568 bata
340 2507 438 2568 uirtus
470 2516 532 2568 tua.
578 2527 642 2568 non
673 2516 721 2568 est
744 2508 905 2588 ignotum,
939 2506 1064 2589 qualem
1096 2518 1128 2569 te
1152 2511 1182 2569 in
1205 2530 1351 2591 persona,
1366 2513 1496 2594 patris?

234 2600 277 2695 tiri
306 2614 454 2694 gesseris,
483 2634 578 2696 quem
603 2635 666 2674 non
691 2615 792 2675 minus
816 2634 911 2695 quam
936 2612 1053 2675 liberos
1077 2614 1229 2691 dilexisti,
1260 2628 1401 2700 excepto
1426 2640 1466 2682 eo

196 2738 220 2776 iu
234 2723 320 2800 quod
344 2742 408 2782 non
433 2721 568 2803 optabas
592 2722 813 2802 superstitem:
841 2741 899 2782 nee
919 2721 983 2782 scio
1000 2741 1040 2781 an
1056 2730 1088 2783 et
1103 2723 1270 2804 optaueris.
1309 2727 1467 2806 permittit

234 2828 318 2888 enim
337 2810 400 2889 ¹sibi
423 2827 578 2910 quaedam
604 2837 713 2889 contra
737 2827 857 2888 bonum
881 2847 1005 2888 morem
1030 2847 1146 2909 magna
1169 2830 1275 2910 pietas.
1325 2843 1466 2896 mortem

235 2934 275 2996 A.
297 2933 446 2996 Cremutii
470 2933 575 3008 Cordi,
598 2935 739 3016 parentis
763 2936 806 2995 tui
830 2942 983 3014 quantum
1007 2945 1144 3015 poteras,
1168 2935 1346 3010 inhibuisti:
1374 2949 1464 3020 post-

234 3062 329 3121 quam
361 3041 417 3103 tibi
450 3044 595 3123 apparuit
625 3042 704 3102 inter
728 3039 911 3102 Seianianos
924 3040 1091 3103 'satellites
1119 3041 1205 3104 illam
1234 3037 1329 3105 unam
1353 3055 1467 3128 patere

235 3146 390 3210 seruitutis
413 3149 530 3230 sugam,
554 3169 618 3209 non
641 3147 742 3210 sauisti
767 3147 896 3209 consilio
921 3151 1001 3223 eius,
1026 3150 1083 3209 sed
1108 3149 1222 3212 dedisti
1246 3170 1358 3213 manus
1383 3153 1469 3217 uicta
1499 3204 1502 3209 .

195 3252 219 3310 is
234 3253 402 3335 fudistique
426 3255 569 3317 lacrimas
592 3254 697 3336 palam
722 3264 754 3316 et
777 3256 912 3335 gemitus
936 3256 1096 3333 dleuorasti
1112 3257 1250 3337 quidem,
1273 3267 1467 3322 nontamen

233 3360 320 3422 hilari
343 3361 446 3424 fronte
470 3364 576 3423 texisti
600 3371 631 3423 et
655 3362 717 3423 hoc
739 3361 791 3423 illo
808 3360 943 3436 saecu10,
967 3383 1031 3442 quo
1053 3382 1169 3443 magna
1185 3364 1286 3444 pietas
1304 3375 1374 3428 erat
1390 3366 1467 3429 nihil

234 3468 316 3549 inpie
340 3468 460 3531 lacere:
488 3480 522 3531 ut
545 3489 622 3530 uero
647 3467 781 3549 aliquam
806 3471 1005 3530 occasionem
1031 3470 1165 3531 m'utatio
1188 3472 1341 3552 temporis
1366 3470 1467 3550 dedit,
1486 3491 1501 3541 3

233 3575 391 3655 ingenium
422 3577 519 3658 patris
550 3577 610 3652 tui,
626 3578 682 3637 de
713 3596 777 3656 quo
797 3585 968 3657 ,sumptum
995 3585 1061 3637 erat
1084 3575 1285 3680 supplicium}
1317 3581 1348 3640 in
1373 3600 1469 3643 usum

233 3680 396 3743 hominum
420 3684 573 3745 reduxisti
597 3693 628 3744 et
645 3704 663 3744 a
680 3703 754 3744 uera
778 3681 862 3743 illum
887 3683 1050 3744 uindicasti
1073 3691 1176 3745 morte
1197 3704 1234 3745 ac
1252 3686 1416 3748 restituisti
1436 3688 1469 3749 in

233 3858 376 3924 3aspici*
482 3862 599 3910 rimichi
706 3858 858 3924 iappbata
879 3859 906 3925 (p
925 3857 952 3910 in
972 3859 1041 3922 ras.)
1145 3858 1212 3911 trin
1231 3878 1338 3925 persona
1358 3861 1468 3934 Neap.:

232 3949 365 4011 inpsonam
445 3950 478 4001 la
497 3967 586 4000 aerem.
607 3950 722 4002 uticordi.
804 3948 835 3999 15³
858 3947 1002 3997 Seianianos
1022 3945 1166 4016 Apricola:
1187 3949 1217 3998 sil
1235 3949 1275 4014 (ἐκ
1290 3949 1347 4018 fine
1368 3968 1470 4007 uersus

233 4034 321 4090 altera
340 4053 436 4090 luanus
456 4036 564 4091 addidit
582 4039 617 4103 la)
637 4040 727 4087 nianos
819 4036 846 4090 14
866 4039 985 4086 seruitutis
1005 4035 1067 4089 olim
1087 4041 1256 4091 correctum:
1276 4041 1389 4090 seruituti
1444 4086 1448 4091 .

233 4126 265 4176 ‘lli
285 4128 403 4188 frontes,
421 4124 477 4194 fuit
491 4126 614 4194 fortasse
632 4128 770 4177 frontem
844 4128 892 4176 hoc
913 4125 1063 4179 deteriores
1080 4123 1220 4196 plerique:
1240 4129 1287 4192 hee
1382 4133 1471 4182 nichil

309 4215 338 4268 ll
358 4218 434 4282 impie
506 4219 608 4267 mutatio
622 4218 742 4282 temporis
756 4214 859 4285 Neam:
882 4220 975 4264 mutato
989 4222 1100 4280 ternpore
1157 4263 1160 4270 .
1190 4213 1224 4269 18
1241 4218 1266 4267 in
1280 4214 1350 4268 usum
1364 4217 1429 4275 lae.
1444 4223 1471 4270 in

231 4321 299 4353 usum
319 4304 378 4358 aod.
399 4307 422 4354 in
442 4308 519 4355 uisum
538 4321 598 4358 oron
618 4303 799 4374 Neapolitano
822 4304 945 4356 r'rnnerr'lo
965 4302 1076 4356 Fickert
1095 4308 1121 4356 et
1142 4302 1233 4358 Haase
1316 4307 1350 4361 19
1369 4325 1411 4380 ac⁸
1422 4309 1470 4378 (m.

232 4391 278 4449 alt.
297 4394 323 4446 in
341 4394 396 4461 fiae
415 4411 525 4453 uersam
547 4395 622 4447 initio
643 4394 759 4447 alterius
778 4394 846 4459 ras.)
1420 4408 1424 4417 “
