3046 5092
357 337 435 379 DIAL.
445 337 497 381 xn.
524 337 566 377 AD
581 337 734 378 POLYBIVM
749 336 789 377 Dc
804 336 1045 379 CONSOLATIONE.
1076 340 1152 380 ll.12.
1301 341 1365 404 283

107 489 212 550 3tum
245 483 429 544 moriturum
461 482 542 544 sciui.
590 483 705 544 deinde
735 485 848 546 adiecit
879 504 945 545 rem
978 483 1104 546 maioris
1128 491 1159 544 et
1183 483 1367 563 prudentiae

142 598 175 651 et
205 589 319 650 animi:
354 597 386 650 et
417 588 488 651 huic
511 590 553 650 rei
578 589 695 652 sustuli.
741 610 854 651 omnes
877 589 947 651 huic
971 591 1013 651 rei
1037 587 1182 651 tollimur.
1229 588 1368 669 quisquis

143 698 185 758 ad
216 697 313 757 uitam
345 696 462 769 editur,
494 695 534 757 ad
566 707 703 759 mortem
735 697 908 758 destinatur
967 697 1161 775 gaudeamus
1194 715 1247 769 eo,
1280 695 1367 775 quod

144 802 285 876 dabitur,
316 789 549 883 reddamusque
580 804 627 877 id,
660 823 731 864 cum
763 823 973 884 reposcemur.
1020 788 1113 864 aliu'm
1138 803 1198 864 alio
1222 811 1368 884 tempore

143 908 207 970 iata
231 909 504 990 conprehendent,
529 911 686 971 neminem
710 911 932 992 praeteribunt.
979 911 1009 970 in
1032 911 1194 991 procinctu
1217 918 1280 971 stet
1303 910 1395 970 ani-5

145 1036 214 1077 mus
238 1025 270 1078 et
293 1017 334 1090 id,
358 1017 444 1097 quod
468 1036 596 1078 necesse
620 1023 676 1092 est,
700 1036 873 1096 numquam
897 1017 1015 1090 timeat,
1040 1017 1127 1098 quod
1143 1017 1295 1077 incertum
1312 1024 1368 1089 est,

113 1136 128 1188 l
144 1143 271 1206 semper
295 1132 452 1204 expectet.
490 1122 565 1204 quid
590 1123 693 1185 dicam
709 1123 805 1184 duces
821 1124 999 1204 ducumque
1014 1123 1200 1204 progeniem
1217 1131 1249 1183 et
1264 1121 1370 1183 multis

146 1237 198 1291 aut
213 1229 428 1292 consulatibus
444 1231 631 1310 conspicuos
648 1239 701 1290 aut
716 1229 880 1311 triumphis
892 1239 979 1292 sorte
990 1229 1156 1292 defunctos
1165 1228 1368 1290 inexorabili?

146 1346 213 1398 tota
237 1356 310 1398 cum
330 1336 459 1416 regibus
475 1356 573 1417 regna
588 1335 758 1418 populique
774 1357 846 1398 cum
862 1335 1009 1417 gentibus
1026 1336 1124 1398 tulere
1139 1334 1239 1396 satum
1256 1355 1365 1396 suum:

147 1464 274 1518 omneS,
305 1444 404 1504 immo
435 1444 541 1505 omnia
571 1444 602 1504 in
632 1442 775 1505 ultimum
800 1444 884 1505 diem
908 1451 1061 1524 spectant.
1107 1463 1170 1504 non
1194 1442 1279 1503 idem
1303 1442 1368 1503 uni·
1387 1456 1409 1494 ¹0

148 1552 242 1612 uersis
266 1549 335 1612 finis
358 1558 414 1612 est.
460 1549 554 1612 alium
578 1551 608 1611 in
632 1551 739 1612 medio
764 1571 854 1612 cursu
878 1553 942 1612 uita
966 1550 1096 1624 deserit,
1129 1547 1222 1612 alium
1246 1551 1276 1610 in
1299 1552 1369 1629 ipso

147 1658 232 1718 aditu
256 1657 408 1738 relinquit,
431 1657 525 1719 alium
549 1657 579 1718 in
603 1666 747 1719 extrema
770 1665 931 1719 senectute
954 1655 1121 1738 fatigatum
1144 1658 1207 1718 iam
1231 1665 1262 1718 et
1283 1657 1371 1718 exire

147 1764 325 1846 cupientem
357 1766 411 1826 uix
443 1764 577 1827 emittit:
612 1764 673 1826 alio
704 1765 832 1845 quidem
864 1772 959 1844 atque
983 1760 1042 1824 alio
1066 1773 1227 1844 tempore,
1259 1781 1371 1823 omnes

148 1879 254 1932 tamen
285 1872 315 1932 in
347 1874 482 1934 eundem
514 1872 618 1935 locum
642 1873 809 1934 tendimus.
856 1880 1002 1934 utrumne
1025 1869 1146 1934 stultius
1170 1870 1224 1944 sit,
1255 1869 1370 1943 nesci0,

117 1985 129 2036 5
149 1977 347 2040 mortalitatis
370 1980 474 2061 legem
499 1981 653 2060 ignorare,
677 2000 716 2041 an
737 1979 944 2060 inpudentiuS,
968 1997 1119 2040 recusare.
1158 1977 1295 2056 agedum
1311 1974 1370 2050 illa,
1387 1988 1410 2029 ¹5

148 2103 229 2164 quae
253 2086 353 2146 multo
374 2086 487 2166 ingenii
503 2090 547 2149 tui
563 2086 673 2148 labore
689 2086 847 2148 celebrata
862 2097 943 2160 sunt,
967 2087 997 2147 in
1014 2099 1124 2147 manus
1140 2103 1237 2157 sume,
1261 2083 1371 2144 utrius-

149 2191 224 2252 libet
248 2193 384 2254 auctoris
408 2194 553 2268 carmina,
577 2213 658 2274 quae
682 2201 715 2255 tu
739 2195 783 2255 ita
805 2191 969 2268 resoluisti‚
993 2200 1027 2254 ut
1050 2191 1193 2273 quamuis
1216 2198 1372 2252 structura

148 2297 271 2359 illorum
296 2300 473 2374 recesserit,
504 2308 688 2381 permaneat
711 2300 813 2380 gratia
835 2307 953 2361 tamen.
999 2300 1043 2360 sic
1067 2300 1149 2361 enim
1173 2297 1224 2360 illa
1248 2317 1289 2358 ex
1313 2294 1373 2357 alia

148 2402 253 2485 lingua
284 2405 314 2466 in
346 2405 437 2467 aliam
469 2406 665 2480 transtulisti,
701 2415 750 2480 ut,
782 2408 868 2486 quod
901 2404 1115 2467 difficillimum
1147 2413 1229 2478 erat,
1261 2422 1372 2464 omnes

150 2512 279 2573 uirtutes
309 2513 340 2572 in
370 2511 504 2574 alienam
535 2522 569 2576 te
592 2515 768 2575 orationem
792 2521 920 2573 secutae
942 2513 1022 2574 sint:
1057 2511 1157 2573 nullus
1182 2511 1239 2571 erit
1262 2511 1293 2570 in
1316 2506 1372 2570 illis
1387 2522 1412 2561 ²0

149 2619 270 2700 scriptis
301 2618 394 2690 liber,
426 2620 478 2700 qui
509 2640 573 2681 non
603 2619 736 2701 plurima
759 2620 917 2680 uarietatis
940 2616 1097 2680 humanae
1121 2620 1374 2697 incertorumque

149 2745 277 2787 casuum
302 2736 334 2788 et
358 2727 554 2788 lacrimarum
580 2747 622 2788 ex
646 2726 705 2788 alia
728 2735 823 2809 atque
846 2725 904 2787 alia
928 2746 1022 2787 causa
1046 2725 1208 2786 fluentium
1225 2720 1390 2803 exempla

109 2831 204 2893 subi
235 2842 394 2914 suggerat.
440 2833 526 2914 lege,
557 2842 676 2914 quanto
706 2835 814 2915 spiritu
846 2833 1024 2914 ingentibus
1056 2831 1225 2893 intonueris
1249 2828 1369 2915 uerbis:

149 2938 280 3020 pudebit
318 2949 350 3001 te
388 2941 493 3002 subito
533 2939 667 3001 deficere
706 2949 737 3002 et
776 2961 819 3002 ex
857 2948 945 3001 tanta
976 2939 1125 3000 orationis
1158 2935 1373 3016 magnitudine

150 3046 330 3108 desciscere.
385 3068 424 3107 ne
456 3047 667 3122 commiseris,
698 3056 733 3109 ut
764 3047 901 3129 quisquis
931 3066 990 3126 pro
1023 3042 1173 3126 exemplo
1204 3063 1241 3104 ac
1273 3042 1373 3102 modo
1387 3054 1413 3093 25

149 3153 265 3235 scripta
302 3163 356 3215 tua
393 3152 565 3215 mirabatur
604 3162 734 3233 quaerat
773 3154 939 3234 quomodo
978 3161 1044 3214 tam
1083 3151 1215 3232 grandia
1245 3156 1374 3229 tamque

150 3259 253 3323 solida
275 3268 342 3322 tam
366 3258 481 3341 fragilis
504 3260 625 3323 animus
649 3262 836 3342 conceperit.

121 3372 131 3423 1
241 3367 308 3428 XII.
349 3367 456 3428 Potius
479 3365 520 3428 ab
544 3367 608 3428 istis
632 3375 672 3442 te,
696 3387 777 3447 quae
800 3375 958 3448 torquent,
982 3367 1024 3427 ad
1047 3364 1126 3426 haec
1149 3371 1199 3425 tot
1223 3371 1254 3424 et
1277 3371 1374 3436 tanta,

151 3494 231 3555 quae
270 3472 487 3547 consolantur,
524 3482 673 3535 conuerte
704 3495 740 3535 ac
771 3474 891 3555 respice
922 3473 1061 3553 optimos
1092 3470 1219 3545 fratres,
1254 3469 1374 3551 respice

152 3826 167 3879 3
187 3823 292 3877 auitaB
383 3825 502 3881 titimeat
514 3828 540 3876 id
553 3825 658 3892 quodD
748 3825 843 3880 omittit
855 3834 890 3877 est
899 3831 965 3895 post
977 3829 1094 3876 incertum
1108 3824 1136 3879 E
1214 3824 1376 3890 9p0pulique

152 3932 205 3965 cum
226 3916 350 3980 gentibus]
371 3912 406 3981 σί
426 3913 465 3966 ad
484 3913 562 3967 Helu.
582 3919 606 3978 7,
629 3919 639 3966 l
661 3923 746 3981 gentes
765 3917 918 3980 populosque
936 3917 1060 3965 uniuersos
1186 3914 1219 3967 id
1247 3921 1330 3964 imanu
1350 3911 1376 3965 B

248 4005 285 4056 18·
304 4005 383 4068 gratia
403 4010 486 4053 tamen
504 4002 532 4056 B
633 4023 662 4054 ex
680 4012 742 4058 unte
761 4005 810 4054 alia
828 4004 925 4056 omittit
944 4002 970 4056 Ε
1065 4004 1099 4057 20
1123 4012 1224 4054 turtures
1243 4001 1269 4053 B

152 4094 224 4141 secuti
239 4090 265 4144 Ε
335 4094 378 4142 erit
392 4091 474 4162 uulgo
487 4100 538 4143 erat
554 4091 632 4146 BDE
702 4093 736 4146 22
749 4109 778 4142 ex
791 4093 833 4142 illa
846 4099 919 4158 atque
932 4090 957 4145 Ι)
970 4101 993 4142 et
1006 4094 1047 4142 illa
1060 4090 1170 4157 atqueE
1239 4093 1272 4143 23
1285 4096 1376 4156 quanta

152 4184 260 4246 spiritum
281 4180 307 4234 B
325 4198 374 4246 quo
392 4183 477 4246 spiritu
496 4180 524 4233 Ε
611 4184 691 4232 uerbis
711 4179 850 4236 Bentleius
869 4183 940 4231 rebus
961 4179 1040 4234 BDE
1138 4180 1172 4233 25
1197 4181 1332 4229 decisscere
1352 4176 1378 4231 Ε
1433 4199 1442 4212 ·

257 4287 302 4335 pro
328 4271 441 4334 exemplo
460 4288 489 4320 ac
509 4272 585 4320 modo
604 4268 682 4324 Koch
707 4272 819 4335 exemplo
839 4287 869 4320 ac
888 4272 965 4320 modo
987 4268 1011 4321 B
1036 4271 1148 4335 exemplo
1168 4275 1208 4318 aut
1228 4269 1304 4317 modo
1323 4265 1379 4320 ΒΕ

152 4367 263 4424 exempto
282 4360 359 4408 modo
378 4356 492 4426 Madm'q
589 4359 622 4412 26
647 4361 783 4409 mirabatur
797 4357 894 4424 Gertz,
914 4359 976 4412 item
995 4374 1090 4428 morqo
1109 4357 1169 4412 cod.
1189 4355 1375 4424 Berolrirenrr's

154 4450 278 4497 mirabitur
297 4445 322 4499 D
340 4454 365 4500 el
384 4446 467 4516 uulpo
485 4448 630 4498 mirabiliter
648 4446 676 4501 B
693 4449 840 4498 mirabilitur
857 4445 887 4502 Ε
