3046 5092
416 335 572 378 ACCIDANT
591 337 654 378 CVM
673 335 880 377 PROVIDENTIA
899 335 954 379 SIT.
973 333 1002 374 lI.
1219 369 1221 374 ,
1302 344 1337 403 3

11 511 122 572 <goma
130 485 242 548 ibus
270 482 409 547 externis
432 484 601 565 potentior.
655 505 713 545 nec
743 483 805 545 hoc
829 483 918 558 dico,
950 504 1014 544 non
1045 483 1138 544 sentit
1169 483 1231 558 illa,
1265 484 1323 545 sed

46 596 178 668 uincit
220 599 251 652 et
282 591 398 672 alioqui
428 592 552 672 quietus
583 591 785 672 placidusque
816 601 926 653 contra
954 590 1139 652 incurrentia
1162 590 1322 652 attollitur.

52 701 203 773 omnia
232 698 366 758 aduersa
403 697 646 757 exercitationes
684 704 783 777 putat.
822 697 890 776 quis
921 704 1043 767 autem,
1083 697 1129 756 uir
1160 696 1258 782 modo
1291 703 1323 756 et

58 814 218 878 erectus
241 805 282 864 ad
306 801 456 877 honesta,
488 824 552 863 non
583 813 630 864 est
662 802 779 864 laboris
810 803 964 883 adpetens
995 803 1065 862 iusti
1098 811 1129 863 et
1157 804 1198 864 ad
1222 801 1324 863 officia

64 933 133 982 cum
192 909 339 991 ,periculo
374 913 562 990 promptus?
601 909 649 970 cui
688 929 752 969 non
789 909 941 970 industrio
981 909 1080 970 otium
1119 929 1223 989 poena
1253 913 1348 971 esti-'1

39 1040 52 1088 a
69 1018 231 1088 athletas
254 1017 412 1089 uidemus,
443 1015 556 1096 quibus
580 1016 690 1076 uirium
714 1035 788 1076 cura
811 1026 873 1088 est,
902 1034 974 1075 cum
997 1013 1172 1076 fortissimis
1196 1014 1323 1095 quibus-

74 1146 130 1210 que
169 1097 352 1204 confligere
376 1132 409 1184 et
431 1122 559 1202 exigere
583 1121 624 1183 ab
648 1120 695 1182 his
724 1141 779 1202 per
802 1142 883 1202 quos
907 1122 1068 1182 certamini
1091 1130 1325 1205 praeparantur,

78 1245 110 1298 ut
128 1231 230 1292 totis
253 1239 364 1293 contra
385 1231 470 1310 ipsos
493 1229 609 1290 uiribus
632 1237 766 1290 utantur.
806 1228 894 1290 caedi
918 1249 952 1289 se
973 1229 1143 1315 uexarique
1166 1229 1326 1309 patiuntur

84 1355 110 1405 et
144 1337 189 1398 si
225 1358 294 1398 non
332 1337 492 1397 inueniunt
523 1335 663 1415 singulos
701 1355 809 1416 pares,
848 1334 987 1415 pluribus
1017 1335 1108 1396 simul
1140 1337 1324 1401 obiciuntur.

56 1451 220 1528 qmarcet
249 1444 315 1505 sine
338 1443 518 1504 aduersario
542 1442 647 1503 uirtus.
701 1451 777 1502 tunc
800 1451 932 1521 apparet
955 1451 1072 1522 quanta
1095 1443 1135 1502 sit
1158 1452 1324 1523 quantum·
1343 1461 1366 1501 ru

90 1570 143 1634 que
177 1550 312 1630 polleat,
344 1569 416 1610 cum
440 1549 516 1629 quid
540 1549 639 1628 possit
666 1548 817 1628 patientia
840 1549 987 1609 ostendit.
1034 1550 1113 1610 scias
1145 1550 1217 1611 licet
1241 1552 1325 1613 idem

94 1658 159 1721 uiris
204 1657 294 1718 bonis
325 1676 396 1717 esse
419 1653 609 1729 faciendum,
642 1662 677 1715 ut
708 1655 786 1715 dura
817 1673 854 1714 ac
878 1652 1010 1715 difficilia
1034 1675 1098 1715 non
1121 1654 1327 1719 reformident

98 1783 147 1827 nec
178 1764 223 1824 de
245 1761 311 1824 fato
335 1772 517 1843 querantur,
541 1761 694 1841 quidquid
718 1760 829 1822 accidit
852 1761 934 1823 boni.
951 1761 1127 1835 consulant,
1151 1763 1181 1823 in
1205 1763 1326 1825 bonum

74 1875 233 1946 quertant.
279 1889 343 1930 non
367 1866 441 1948 quid
472 1869 529 1929 sed
553 1867 823 1947 quemadmodum
855 1865 935 1928 feras
959 1868 1095 1929 interest.
1142 1884 1206 1930 non
1231 1869 1326 1943 uides,

109 1983 222 2054 quanto
243 1974 333 2036 aliter
355 1983 470 2055 patres,
493 1973 582 2035 aliter
606 1983 723 2035 matres
746 1973 949 2053 indulgeant?
974 1974 1013 2034 illi
1030 1975 1194 2036 exercitari
1217 1976 1326 2037 iubent
1341 1993 1365 2030 1³

10 2088 13 2131 ἰ
111 2079 219 2141 liberos
246 2082 288 2142 ad
319 2081 423 2142 studia
453 2080 602 2141 obeunda
633 2089 769 2153 mature,
809 2078 923 2141 feriatis
960 2101 1088 2161 quoque
1120 2082 1231 2142 diebus
1263 2103 1325 2144 non

116 2184 258 2266 patiuntur
290 2207 359 2249 esse
391 2188 513 2249 otiosos
545 2194 577 2247 et
604 2187 755 2249 sudorem
786 2185 843 2247 illis
867 2195 899 2248 et
921 2187 1079 2248 interdum
1102 2187 1246 2250 lacrimas
1270 2210 1325 2250 ex-

77 2335 80 2341 .
120 2291 230 2356 cutiunt.
274 2302 307 2357 at
337 2302 455 2356 matres
487 2291 594 2354 fouere
625 2294 667 2353 in'
685 2293 769 2367 sinu,
808 2292 968 2354 continere
998 2293 1029 2354 in
1064 2292 1178 2355 umbra
1208 2294 1325 2370 uolunt,

93 2416 273 2480 anumquam
298 2401 482 2474 contristari,
505 2420 678 2480 numquam
702 2398 786 2473 flere,
809 2419 982 2479 numquam
998 2399 1151 2462 laborare.
1190 2403 1325 2482 patrium

126 2503 188 2566 deus
207 2506 301 2570 habet
331 2510 485 2570 aduersus
514 2506 620 2568 bonos
651 2507 735 2568 uiros
766 2507 904 2568 animum
936 2516 968 2568 et
984 2496 1068 2567 'illos
1096 2507 1217 2569 fortiter
1240 2520 1325 2570 amat
1339 2522 1364 2560 2⁰

127 2616 152 2668 et
181 2613 337 2694 operibus,
375 2613 489 2694 inquit,
529 2612 708 2688 doloribus,
747 2613 871 2674 damnis
904 2613 1119 2693 exagitentur,
1150 2624 1185 2674 ut
1216 2635 1325 2676 uerum

128 2715 261 2800 conligant
282 2719 385 2782 robur.
424 2720 575 2800 languent
597 2741 654 2802 per
668 2720 810 2782 inertiam
826 2721 969 2800 saginata
988 2740 1047 2781 nec
1069 2719 1178 2782 labore
1202 2730 1325 2783 tantum

129 2822 173 2881 sed
198 2805 282 2890 motu
312 2835 346 2889 et
376 2827 443 2908 ipso
475 2827 522 2888 sui
560 2846 656 2888 onere
687 2825 843 2889 deficiunt.
897 2847 960 2887 non
999 2825 1059 2889 fert
1096 2826 1192 2888 ullum
1230 2829 1327 2889 ictum

130 2923 222 2994 inlaesa
241 2933 388 2996 felicitas:
422 2942 455 2995 at
480 2934 533 2994 cui
565 2933 697 2994 adsidua
726 2931 782 2994 fuit
815 2953 887 2994 curn
917 2933 1128 2995 incommodis
1158 2935 1220 2996 suis
1251 2936 1327 3011 rixa,

131 3031 221 3100 callum
240 3061 298 3122 per
320 3041 442 3102 iniurias
470 3041 562 3102 duxit
589 3059 648 3101 nec
678 3038 730 3100 ulli
753 3039 838 3100 malo
867 3040 951 3101 cedit
981 3040 1038 3101 sed
1069 3023 1192 3102 vetiamsi
1216 3043 1328 3104 cecidit
1342 3061 1367 3100 ns

102 3137 163 3203 lde
180 3162 252 3223 genu
268 3156 399 3228 pugnat.
445 3146 564 3207 miraris
588 3154 635 3220 tu,
666 3147 691 3206 si
722 3147 801 3207 deus
828 3145 879 3206 ille
901 3144 1060 3206 bonorum
1089 3148 1328 3223 amantissimus,
1384 3136 1388 3152 ¹

131 3245 171 3323 qui
189 3250 248 3315 illos
271 3273 367 3335 quarn
391 3253 530 3334 optimos
554 3273 623 3314 esse
646 3261 741 3333 atque
765 3252 1046 3314 excellentissimos
1070 3253 1148 3327 uult,
1169 3254 1327 3316 fortunam

131 3347 175 3412 illis
194 3377 258 3421 cum
281 3380 345 3441 qua
367 3370 575 3422 exerceantur
590 3360 752 3439 adsignat?
779 3379 840 3439 ego
864 3379 941 3420 uero
964 3380 1028 3420 non
1052 3341 1156 3436 miror,
1179 3362 1204 3422 si
1220 3362 1251 3423 di
1275 3362 1328 3422 ali-

133 3465 236 3534 quando
257 3467 399 3548 inpetum
422 3465 549 3547 capiunt
571 3467 735 3546 spectandi
763 3484 897 3544 magnos
921 3466 1005 3528 uiros
1028 3466 1233 3529 conluctantis
1257 3488 1329 3529 cum

101 3559 213 3644 aaliqua
237 3571 421 3634 calamitate.
475 3572 567 3634 nobis
597 3573 755 3635 interdum
795 3572 948 3654 uoluptati
979 3581 1045 3647 est,
1083 3573 1109 3634 si
1146 3573 1329 3635 adulescens
1343 3593 1369 3632 nu

38 3714 45 3729 ⁸
136 3717 317 3740 Nm...

343 3798 389 3839 enti

135 3839 207 3908 lltssa
268 3855 299 3906 11
314 3856 382 3919 patia
402 3855 462 3921 (enti
481 3870 514 3909 m.
528 3869 581 3908 rea
595 3868 734 3924 suprascr.
748 3852 799 3907 aad
816 3853 887 3908 idem
905 3857 954 3904 enti
974 3855 1000 3906 in
1020 3855 1144 3924 maraine
1162 3872 1195 3908 m.
1209 3856 1235 3921 2)

136 3927 158 3979 '¹3
178 3949 293 4004 ‘lucrantur
383 3943 500 4008 quicquid
586 3940 711 4010 fortasse
736 3944 779 3992 sed
805 3944 922 4008 quidquid
1013 3943 1037 3994 ll
1066 3943 1258 4007 quemamodum

824 4043 837 4069 n

135 4068 159 4122 15
169 4043 278 4149 indulgeant
291 4087 318 4149 (a
331 4100 365 4138 m.
375 4083 432 4153 pr.)
512 4083 540 4134 18
554 4091 578 4134 at
593 4084 710 4150 (taarr.)
777 4087 843 4134 uolut
858 4086 882 4151 (n
896 4086 992 4154 rapa.)
1078 4086 1106 4136 ill
1120 4102 1252 4150 numquam
1265 4088 1330 4148 flere,

136 4173 242 4231 munquam
254 4174 393 4224 contristari
410 4170 500 4241 uulgo,
519 4172 628 4226 inuersa
642 4172 738 4226 ardiae
751 4172 810 4226 aad.
877 4174 911 4226 ‘22
925 4175 1042 4238 colligant
1115 4174 1149 4226 24
1161 4175 1237 4224 inlesa
1250 4176 1330 4224 felitus

203 4262 235 4310 eui
251 4261 360 4315 Haase:
375 4263 417 4311 ubi
517 4263 614 4312 assidua
714 4261 747 4314 28
771 4264 791 4310 si
817 4264 841 4310 di
865 4264 997 4327 aliquando
1016 4261 1106 4326 Koch,
1131 4265 1269 4328 siquando
1295 4267 1329 4314 dii

136 4332 234 4407 lipsius:
253 4353 274 4400 si
292 4353 425 4415 aliquando
510 4350 543 4403 29
563 4353 659 4416 impetit
743 4353 870 4416 spectandi
889 4348 1051 4405 Pincianus:
1076 4358 1188 4416 spectant
1205 4354 1239 4401 dii

134 4424 159 4477 30
174 4435 299 4490 adolescens
318 4441 345 4506 (ο
364 4440 447 4505 corr.)

1078 4530 1116 4582 μ
