3046 5092
242 335 303 394 130
484 325 561 367 ulnt.
578 327 615 367 vr.
646 327 686 366 nu
701 325 843 366 urnucmu
862 325 901 366 ui:
916 325 1159 370 consolatione,
1191 327 1222 367 u.

239 496 302 536 non
326 484 374 536 est
398 475 485 553 quod
508 493 566 533 nos
590 473 792 553 suspiciamus
816 480 979 554 tamquam
995 476 1076 535 inter
1092 480 1200 534 nostra
1215 472 1328 553 positi:
1355 481 1472 534 mutua

240 581 426 661 accepimus.
473 599 545 640 usus
575 577 756 658 fructusque
788 589 896 641 noster
921 589 985 654 est,
1016 579 1101 640 cuius
1126 588 1251 659 tempus
1275 578 1325 640 ille
1349 579 1471 641 arbiter

240 690 376 751 muneris
407 688 454 748 sui
485 694 660 767 temperat:
695 706 753 747 nos
785 695 914 768 oportet
945 688 975 747 in
1005 693 1156 766 promptu
1187 683 1306 747 habere
1329 707 1414 766 quae
1437 686 1470 747 in

239 797 392 857 incertum
436 795 521 856 diem
558 792 634 854 data
669 801 741 854 sunt
779 801 811 854 et
850 792 1027 873 adpellatos
1057 793 1123 854 sine
1153 791 1292 873 querella
1322 775 1469 855 reddere.

213 902 366 985 spessimi
405 899 556 961 debitoris
594 908 643 960 est
682 899 829 961 creditori
867 898 969 962 lacere
1004 899 1189 960 conuicium.
1236 919 1347 961 omnes
1387 908 1508 982 ergo3

240 1017 381 1082 nostr05,
414 1016 446 1068 et
468 1027 548 1085 quos
564 1007 755 1087 superstites
778 1005 849 1086 lege
873 1006 1021 1067 nascendi
1044 1015 1191 1088 optamus
1215 1014 1248 1067 et
1270 1027 1351 1086 quos
1374 1028 1468 1089 prae-

241 1115 353 1176 cedere
376 1113 578 1175 iustissimum
602 1113 741 1193 ipsorum
766 1122 876 1175 uotum
901 1122 964 1188 est,
993 1114 1037 1175 sic
1059 1134 1166 1174 amare
1190 1114 1358 1188 debemuS,
1384 1124 1469 1176 tam-

240 1242 335 1302 quam
361 1218 433 1283 nihil
456 1220 548 1281 nobis
572 1220 612 1281 de
628 1221 846 1301 perpetuitate,
870 1223 970 1282 immo
986 1219 1061 1281 nihil
1078 1221 1119 1282 de
1136 1220 1338 1290 diuturnitate
1354 1242 1470 1283 eorum

240 1330 430 1412 promissum
454 1329 501 1389 sit.
545 1347 640 1408 saepe
664 1328 884 1388 admonendus
907 1336 955 1389 est
978 1328 1107 1401 animus,
1131 1335 1218 1389 amet
1240 1336 1275 1388 ut
1297 1347 1490 1403 recessura‚·

203 1450 226 1489 ¹0
240 1437 340 1497 immo
371 1443 534 1516 tamquam
559 1435 745 1497 recedentia.
790 1435 941 1516 quidquid
965 1455 984 1496 a
1006 1433 1132 1496 fortuna
1155 1434 1265 1496 datum
1289 1442 1352 1508 est,
1385 1443 1471 1496 tam-

241 1562 336 1623 quam
367 1540 551 1622 exemplum
583 1540 624 1602 ab
648 1549 775 1602 auctore
806 1541 976 1623 possideat.
1023 1542 1122 1623 rapite
1153 1561 1194 1602 ex
1227 1540 1330 1602 liberis
1353 1541 1511 1624 uolup-2l

241 1656 340 1722 tates,
373 1646 521 1709 fruendos
553 1668 610 1709 uos
640 1648 773 1708 inuicem
804 1647 907 1709 liberis
939 1649 1014 1709 date
1044 1657 1077 1709 et
1107 1649 1173 1709 sine
1197 1647 1473 1710 dilationeomne

241 1739 390 1835 gaudium
414 1754 542 1815 haurite.
579 1752 653 1815 nihil
676 1755 717 1815 de
740 1754 893 1816 hodierna
915 1763 1010 1816 nocte
1032 1755 1233 1836 promittitur.
1264 1756 1354 1816 nimis
1376 1776 1471 1837 mag-

241 1883 314 1923 nam
354 1862 597 1922 aduocationem
629 1862 721 1922 dedi':
763 1860 837 1923 nihil
868 1863 910 1923 de
940 1861 999 1923 hac
1031 1861 1119 1923 hora.
1165 1860 1378 1924 festinandum
1413 1873 1473 1926 est

203 1982 227 2022 ¹⁵
241 1971 372 2030 instatur
395 1990 414 2030 a
437 1977 547 2047 tergo:
582 1969 644 2028 iarn
676 1968 832 2030 disicietur
861 1969 920 2029 iste
952 1969 1135 2043 comitatuS,
1166 1970 1228 2030 iam
1261 1950 1474 2034 cohtubemia

241 2077 300 2136 ista
322 2073 448 2136 sublato
471 2073 610 2136 clamore
633 2073 803 2138 soluentur.
847 2076 954 2155 rapina
977 2094 1080 2136 rerum
1105 2075 1245 2137 omnium
1270 2085 1335 2136 est:
1363 2078 1474 2140 miseri

241 2183 364 2243 nescitis
389 2181 419 2241 in
442 2179 517 2261 suga
540 2181 652 2242 uiuere.
691 2182 716 2242 si
740 2187 901 2243 mortuum
924 2182 980 2243 tibi
997 2180 1093 2243 filium
1111 2182 1209 2256 doles,
1234 2183 1297 2244 eius
1314 2171 1474 2264 temporis
1495 2185 1510 2232 ἵ)

241 2309 306 2370 quo
329 2297 419 2350 natus
444 2297 492 2349 est
515 2289 633 2349 crimen
656 2297 712 2349 est.
760 2309 846 2350 mors
870 2289 952 2350 enim
977 2288 1017 2349 illi
1041 2290 1223 2350 denuntiata
1245 2291 1387 2352 nascenti
1412 2301 1472 2355 est.

241 2395 272 2455 in
302 2392 384 2455 hanc
414 2393 517 2474 legem
541 2403 633 2455 natus
656 2403 713 2456 est.
759 2393 821 2456 hoc
849 2394 934 2456 illum
959 2395 1058 2457 satum
1082 2396 1124 2456 ab
1148 2404 1237 2458 utero
1261 2397 1369 2458 statim
1395 2419 1472 2480 pro-

200 2513 226 2553 20
241 2501 438 2583 sequebatur.
475 2502 508 2562 in
529 2521 662 2581 regnum
685 2500 829 2564 fortunae
852 2511 884 2562 et
908 2502 1035 2582 quidem
1060 2505 1173 2565 durum
1198 2512 1293 2584 atque
1315 2505 1472 2568 inuictum
1493 2510 1508 2559 ti

240 2609 448 2690 peruenimuS,
471 2607 549 2669 illius
572 2608 700 2670 arbitrio
724 2609 823 2689 digna
845 2616 939 2689 atque
962 2610 1091 2689 indigna
1113 2611 1240 2691 passuri.
1280 2613 1473 2692 corporibus

241 2716 356 2776 nostris
378 2715 565 2797 inpotenter,
590 2715 833 2790 contumeliose,
858 2715 1025 2778 crudeliter
1048 2717 1214 2779 abutetur:
1242 2715 1319 2779 alios
1342 2719 1473 2801 ignibus

241 2830 366 2903 peruret
397 2821 448 2883 uel
464 2822 508 2882 'in
539 2843 677 2903 poenam
710 2822 849 2884 admotis
873 2823 923 2884 uel
946 2824 976 2884 in
1001 2824 1184 2885 remedium.
1229 2823 1308 2887 alios
1332 2826 1468 2889 uinciet:

240 2929 272 2989 id
303 2950 384 2990 nunc
414 2929 498 2991 hosti
529 2929 649 3003 licebit,
681 2950 763 2991 nunc
794 2929 860 2993 ciui.
906 2928 985 2992 alios
1014 2951 1071 3011 per
1100 2931 1219 2992 incerta
1241 2932 1345 2994 nudos
1371 2936 1473 2998 maria

201 3047 226 3087 ²5
240 3036 367 3098 iactabit
399 3044 431 3098 et
453 3035 589 3098 luctatos
612 3056 684 3098 curn
708 3035 853 3098 fluctibus
876 3056 916 3098 ne
938 3037 969 3098 in
993 3037 1143 3099 harenam
1167 3037 1294 3120 quidem
1320 3047 1375 3100 aut
1399 3040 1472 3103 litus

240 3142 403 3226 explodet,
427 3143 485 3205 sed
508 3143 539 3204 in
561 3141 687 3204 alicuius
710 3145 872 3205 inmensae
895 3152 1038 3205 uentrem
1063 3143 1175 3207 beluae
1191 3146 1360 3208 decondet.
1393 3147 1472 3210 alios

242 3410 257 3461 3
277 3410 383 3474 quaein
403 3409 521 3457 incertum
542 3405 691 3460 deteriores
704 3407 806 3477 pauci:
827 3426 873 3472 que
893 3409 988 3460 incertt'l
1051 3392 1053 3396 Ι
1076 3408 1092 3460 lt
1112 3409 1248 3474 appellatos
1334 3410 1349 3462 7
1370 3411 1473 3463 iustissi-

242 3516 308 3548 mum
327 3496 427 3567 helpo:
449 3498 591 3546 iustissimus
682 3503 764 3546 uotum
785 3511 856 3550 corr.
877 3497 903 3549 r'n
918 3496 987 3551 det:
1003 3498 1073 3548 uoltu
1163 3496 1275 3549 8nichil
1369 3499 1386 3552 9
1406 3507 1474 3552 amet

241 3593 266 3636 ut
283 3603 407 3637 recessura
432 3600 502 3638 unus
526 3583 692 3639 deteriorum
717 3601 805 3639 corta:
834 3592 915 3635 ametu
941 3587 983 3636 ire.
1003 3603 1099 3635 cessura
1202 3586 1236 3638 10
1261 3587 1381 3653 quicquid

244 3676 272 3727 11
300 3676 437 3740 exemplum
464 3681 563 3723 auctore
587 3673 646 3728 cod.
667 3675 804 3738 exemplum
830 3675 862 3722 ab
882 3680 982 3725 auctore
1007 3673 1129 3744 Lepsios,
1155 3673 1230 3744 quod
1253 3675 1312 3744 ipse
1335 3676 1474 3746 interpre-

242 3768 316 3816 tetur
331 3761 448 3819 ‘hebere
458 3761 590 3831 fortene?
610 3762 740 3816 etcertum
761 3770 786 3815 ec
802 3761 896 3832 firqex
914 3778 973 3816 erse
992 3763 1026 3816 ab
1045 3763 1105 3833 r‘prsa
1119 3759 1214 3826 disee’;
1232 3771 1362 3829 exceptum
1377 3771 1474 3816 auctori

243 3850 396 3906 Gronoer'es
415 3859 527 3917 exempto
541 3858 642 3902 auctore
655 3848 770 3922 Maduiq
842 3852 967 3916 possideat
987 3849 1043 3903 Εἲς
1064 3853 1191 3917 possideas
1210 3850 1269 3905 red.
1288 3851 1341 3905 sed
1357 3856 1474 3909 mortario
1514 3895 1515 3900 κ

237 3955 375 4011 personae
397 3940 519 4011 probari
546 3941 652 4010 aequin
685 3943 802 4010 apparet
825 3939 894 3994 haee
918 3939 957 3994 ed
979 3940 1098 3994 arternum
1128 3939 1277 4009 reserenda
1302 3957 1363 3995 esse

243 4030 273 4082 ,13
299 4030 376 4080 nichil
486 4030 516 4081 15
542 4036 592 4078 tam
619 4031 742 4079 disicietur
768 4028 827 4083 eod.
847 4027 898 4082 sed
920 4031 970 4079 iam
992 4028 1119 4099 plerique
1144 4028 1207 4084 dett.
1319 4030 1351 4084 17
1372 4035 1474 4084 nescitis

240 4159 331 4238 'tinga
351 4173 370 4237 (i
390 4172 473 4238 corr.)
504 4205 514 4220 .
564 4129 649 4222 morth
669 4169 737 4237 eod,
758 4170 792 4224 de
810 4188 864 4240 que
877 4170 1016 4224 scribendi
1027 4171 1133 4225 ratione
1148 4170 1183 4240 es.
1202 4170 1356 4227 Brembaeh
1373 4172 1474 4230 Ortho-

238 4260 336 4332 proph.
358 4277 388 4331 p.
409 4263 442 4313 92
462 4264 489 4315 et
507 4276 577 4329 quae
595 4262 654 4330 ipse
673 4258 813 4329 disputavi
826 4258 922 4330 philol.
943 4263 992 4321 33,
1016 4278 1044 4331 p.
1065 4264 1133 4320 704;
1161 4261 1215 4314 iem
1234 4259 1320 4316 multa
1339 4263 1473 4336 exempla

240 4355 412 4402 accesserunt
437 4350 463 4401 r'n
489 4348 578 4403 indice
599 4348 651 4402 Gai
668 4347 896 4402 Studemundr‘em'
987 4351 1019 4403 ’19
1045 4358 1115 4400 natus
1134 4349 1241 4404 Haase:
1263 4352 1335 4406 datus
1353 4351 1421 4420 cod„
1436 4360 1474 4405 est

240 4437 304 4493 add.
327 4437 408 4494 Gertz
499 4439 533 4495 23
552 4455 642 4503 penam
732 4440 821 4492 uinciet
842 4441 876 4509 (et
895 4439 922 4490 rit
941 4440 1007 4508 rar.)
