3046 5092
420 332 574 374 AcelnnNT
593 333 655 374 CVM
675 332 881 373 PROVlDEN'l'IA
903 332 956 374 SlT.
977 333 1013 376 IV.
1030 332 1054 374 V,
1307 338 1342 397 ll

120 487 231 553 hiems,
253 481 340 541 triste
356 477 478 540 caelum
493 479 616 560 premit,
638 477 774 558 maligne
790 479 892 540 solum
909 479 1013 542 sterile
1028 487 1191 553 sustentat,
1208 478 1342 540 imbrem

129 587 230 652 culmo
251 594 306 646 aut
328 585 441 646 fronde
465 584 647 659 defendunt,
670 605 763 664 super
786 586 898 647 durata
921 586 1019 664 glacie
1036 595 1149 666 stagna
1165 584 1346 665 persultant,

104 700 157 758 lirin
182 694 364 755 alimentum
396 691 476 754 feras
501 701 637 773 captant.
685 693 785 752 miseri
811 693 865 753 nbi
891 693 1052 754 uidentur?
1099 692 1172 753 nihil
1196 693 1343 753 miserum

140 812 177 863 est
198 801 280 880 quod
304 801 334 860 in
358 808 502 860 naturam
519 800 716 860 consuetudo
732 800 888 878 perduxit.
926 798 1075 880 paulatim
1092 799 1175 860 enim
1193 798 1347 879 uoluptati

144 916 199 969 suut
225 926 303 986 quae
337 907 523 967 necessitate
555 915 736 985 coeperunt.
795 905 878 966 nulla
909 905 964 967 illis
997 905 1152 967 domicilia
1183 904 1372 985 nullaeque⁵

102 1022 105 1037 ²
146 1015 217 1074 sedes
237 1022 307 1074 sunt
345 1013 402 1072 nisi
425 1032 504 1092 quas
532 1011 683 1073 lassitudo
712 1013 741 1072 in
766 1013 849 1073 diem
874 1013 986 1093 posuit.
1034 1012 1099 1074 uilis
1123 1023 1154 1073 et
1178 1012 1227 1072 hic
1251 1030 1344 1091 quae-

147 1121 238 1181 rendus
260 1139 355 1179 manu
380 1119 487 1192 uictus,
510 1118 668 1179 horrenda
691 1119 833 1199 iniquitas
857 1120 940 1194 caeli,
965 1120 1081 1181 intecta
1104 1139 1247 1200 corpora.
1286 1118 1348 1180 hoc

105 1258 108 1265 ·
148 1227 213 1305 quod
239 1226 293 1288 tibi
324 1224 485 1287 calamitas
516 1225 652 1296 uidetur,
684 1234 733 1287 tot
765 1203 994 1305 gentium‘uita
1018 1235 1073 1288 est.
1127 1227 1202 1307 quid
1227 1226 1346 1287 miraris

114 1333 227 1393 llibonos
255 1333 350 1405 uiros
376 1340 409 1392 ut
431 1331 671 1405 confirmentur,
696 1333 840 1393 concuti?
888 1352 951 1392 non
976 1342 1023 1394 est
1047 1332 1142 1394 arbor
1165 1330 1266 1394 solida
1289 1351 1347 1392 nec

148 1437 213 1499 fortis
233 1439 287 1500 nisi
311 1441 341 1500 in
365 1458 460 1518 quam
484 1437 628 1517 frequens
653 1447 764 1499 uentus
788 1439 931 1500 incursat.
978 1439 1046 1519 ipsa
1068 1440 1151 1500 enim
1178 1439 1346 1501 uexatione
1364 1449 1386 1487 ¹⁰

148 1546 341 1625 constringitur
371 1553 404 1606 et
434 1545 554 1605 radices
586 1545 698 1606 certius
722 1543 799 1624 figit.
848 1544 972 1625 fragiles
995 1554 1067 1606 sunt
1091 1546 1219 1626 quaein
1242 1546 1346 1626 aprica

143 1650 208 1712 ualle
235 1660 406 1713 creuerunt.
452 1670 511 1731 pro
541 1651 614 1731 ipsis
647 1670 723 1731 ergo
755 1651 846 1712 bonis
870 1653 942 1713 uiris
967 1661 1030 1727 est,
1063 1661 1097 1715 ut
1120 1672 1190 1713 esse
1218 1652 1346 1713 interriti

148 1759 253 1833 possint,
284 1758 420 1820 multum
451 1759 531 1818 inter
562 1756 770 1819 formidolosa
800 1759 916 1820 uersari
948 1767 980 1820 et
1011 1777 1114 1838 aequo
1138 1759 1243 1819 animo
1266 1757 1346 1819 lerre

147 1882 209 1942 quae
228 1885 288 1926 non
312 1873 385 1926 sunt
409 1864 491 1926 mala
514 1864 570 1925 nisi
595 1863 676 1925 male
700 1865 871 1928 sustinenti.

123 1975 130 2026 1
215 1971 249 2033 V.
279 1971 386 2034 Adice
409 1991 504 2045 nunc,
534 1970 621 2051 quod
653 1991 711 2050 pro
742 1971 888 2033 onmibus
919 1980 967 2033 est
998 1972 1154 2052 optimum
1178 1951 1345 2051 quemque,
1363 1987 1385 2026 15
1472 1978 1477 1988 ’

147 2084 170 2135 ut
188 2077 225 2138 ita
250 2058 364 2152 dicam,
396 2077 527 2139 militare
558 2087 590 2138 et
614 2079 709 2139 edere
732 2098 846 2158 operas
905 2078 966 2139 hoc
990 2086 1038 2140 est
1061 2079 1260 2158 propositum
1283 2076 1346 2138 deo

145 2185 214 2259 quod
232 2185 362 2266 sapienti
386 2185 465 2259 uir0,
488 2184 657 2246 ostendere
680 2184 765 2259 haec,
788 2206 871 2265 quae
894 2184 1007 2266 uolgus
1029 2186 1163 2266 adpetit,
1194 2204 1275 2264 quae
1299 2203 1344 2245 re·
1428 2217 1431 2221 .

146 2270 280 2366 lormidat,
312 2311 372 2352 nec
402 2290 490 2352 bona
521 2311 590 2352 esse
621 2311 679 2351 nec
703 2291 793 2352 mala.
839 2292 1006 2372 adparebit
1029 2303 1135 2353 autem
1159 2291 1245 2352 bona
1268 2310 1345 2365 esse,

146 2391 163 2451 si
181 2394 223 2458 illa
242 2419 305 2459 non
328 2398 385 2459 nisi
409 2398 500 2459 bonis
524 2397 595 2458 uiris
618 2396 773 2472 trib'uerit,
797 2407 828 2459 et
852 2398 938 2459 mala
959 2418 1037 2472 esse,
1061 2399 1086 2459 si
1109 2406 1232 2459 tantum
1258 2396 1346 2458 malis
1422 2415 1432 2432 ·

122 2497 318 2582 tinrogauerit.
364 2503 558 2565 detestabilis
589 2505 647 2565 erit
670 2505 818 2578 caecitas,
849 2506 875 2566 si
905 2525 1001 2566 nemo
1032 2504 1142 2566 oculos
1165 2504 1345 2585 perdiderit,
1360 2517 1385 2555 2⁰
1478 2544 1481 2551 .

147 2604 187 2666 nisi
209 2611 248 2671 cui
271 2611 401 2672 eruendi
424 2621 512 2672 sunt:
545 2612 650 2690 itaque
673 2620 800 2672 careant
816 2611 886 2673 luce
901 2611 1027 2693 Appius
1043 2620 1075 2674 et
1090 2610 1244 2673 Metellus.
1283 2630 1346 2672 uon

147 2722 202 2773 sunt
221 2717 342 2779 diuitiae
364 2716 504 2778 bonum:
539 2717 644 2796 itaque
667 2716 784 2778 habeat
806 2716 873 2779 illas
896 2727 928 2780 et
944 2717 1030 2779 Elius
1046 2717 1127 2792 len0,
1152 2726 1186 2778 ut
1202 2717 1346 2778 homines

147 2822 297 2898 pecuniam,
330 2844 402 2885 cum
435 2824 465 2884 in
493 2821 618 2904 templis
647 2824 910 2898 consecrauerint,
944 2825 1073 2886 uideant
1103 2834 1135 2885 et
1166 2825 1196 2885 in
1220 2824 1344 2885 fornice.

148 2921 213 2987 nullo
239 2931 336 2992 modo
368 2930 469 3010 magis
492 2938 600 3011 potest
623 2931 701 2992 deus
725 2931 891 3011 concupita
914 2931 1095 3005 traducere,
1126 2952 1221 3011 quam
1245 2931 1270 2992 si
1294 2929 1346 2991 illa

122 3034 134 3083 :l
148 3028 178 3087 ad
202 3037 389 3118 turpissimos
420 3036 534 3111 desert,
565 3037 605 3098 ab
630 3037 757 3117 optimis
788 3038 894 3117 abigit.
948 3046 981 3098 at
1003 3038 1141 3117 iniquum
1173 3045 1222 3098 est
1244 3037 1384 3099 uirum-u

148 3129 243 3202 bonum
265 3142 417 3205 debilitari
441 3152 494 3205 aut
514 3142 632 3228 configi
656 3153 709 3206 aut
733 3144 871 3225 adligari,
896 3143 996 3205 malos
1017 3144 1144 3224 integris
1161 3143 1345 3224 corporibus
1395 3143 1397 3146 ⁴

148 3238 243 3308 solutos
265 3270 301 3312 ac
324 3236 477 3311 delicatos
501 3251 653 3325 incedere.
693 3250 768 3330 quid
791 3249 910 3332 porro?
941 3271 1004 3311 non
1021 3259 1069 3312 est
1089 3251 1226 3329 iniquum
1247 3248 1344 3312 sortes

149 3343 212 3412 uiros
238 3375 324 3417 arma
355 3376 480 3417 sumere
503 3365 536 3418 et
559 3357 589 3417 in
613 3358 720 3418 castris
744 3365 931 3438 pernoctare
955 3368 986 3418 et
1010 3376 1069 3437 pro
1093 3355 1175 3418 uallo
1199 3355 1346 3437 obligatis

149 3456 213 3518 stare
232 3462 417 3538 uolneribus
440 3463 562 3525 interim
587 3463 617 3523 in
641 3462 719 3524 urbe
738 3481 866 3525 securos
882 3483 952 3525 esse
966 3464 1124 3545 praecisos
1141 3474 1172 3525 et
1188 3462 1346 3544 professos

149 3569 331 3590 ᾪ.

522 3608 559 3640 len

152 3641 253 3719 lhienrps
324 3657 414 3722 premit
485 3663 560 3705 sustat
632 3656 743 3709 3uichil
824 3658 855 3709 13
869 3657 970 3709 serrein
984 3672 1050 3724 ras„
1064 3657 1091 3709 ln
1110 3672 1195 3726 marg.
1210 3672 1267 3726 rep.
1281 3658 1345 3708 crud

220 3743 245 3796 li
258 3747 395 3795 ostenderet
464 3745 548 3809 uulgus
621 3746 715 3810 appetit
782 3745 810 3798 ld
823 3747 952 3810 apparebit
965 3762 998 3800 m.
1011 3733 1235 3815 pr.,⁶compendi0
1248 3760 1345 3814 supru-

149 3876 229 3946 rrrr'pto
237 3903 267 3939 m.
276 3886 321 3941 ull.
331 3884 466 3939 indicasse
477 3884 586 3940 uidetur
597 3884 739 3956 legendum
752 3902 813 3940 esse
823 3889 975 3952 apparebunt
1029 3891 1063 3940 20
1077 3832 1201 3937 dellallilis
1256 3888 1346 3937 cecitas

217 3973 244 4026 22
263 3983 285 4026 et
303 3977 364 4040 elius
382 3976 439 4039 leno
458 3974 532 4040 (unte
550 3982 573 4025 et
590 3972 676 4043 fortis
688 3978 800 4041 rasura)
872 3976 906 4029 25
927 3978 1041 4042 atiniquu
1060 3977 1080 4043 (t
1093 3991 1164 4029 corr.
1177 3991 1215 4029 ex
1229 3976 1277 4040 d)-

149 4102 175 4154 '26
185 4059 272 4167 debilari
287 4119 327 4183 (ul
341 4114 451 4169 uidetur
464 4133 547 4186 mpr.
562 4116 770 4187 suprascripsit)
833 4118 925 4183 configi
939 4115 1009 4184 cod„
1023 4117 1127 4188 errauit
1140 4114 1250 4169 Fickert
1257 4133 1268 4178 ,·
1286 4132 1344 4165 con-

149 4243 204 4313 sfllssi
217 4253 291 4327 Neap.
312 4261 447 4324 constringi
461 4257 586 4312 Muretus
643 4257 710 4311 at
729 4261 818 4309 inicum
838 4258 863 4325 (c
882 4258 909 4311 in
926 4258 1097 4325 qmulatum)
1182 4261 1215 4309 ‘28
1234 4215 1346 4306 inlcstris

149 4332 249 4400 lumem.
263 4349 327 4414 rec.)
420 4349 454 4400 ¹25)
473 4349 592 4405 uulnerib;
684 4349 808 4413 praecisos
826 4345 853 4401 Ε
860 4349 881 4397 ¹:
902 4364 1000 4399 securos
1019 4349 1045 4397 ee
1062 4349 1149 4413 pbisos
1163 4347 1244 4409 (curos
1256 4348 1286 4395 e‘e
1303 4346 1345 4411 pbi

148 4420 169 4473 in
180 4441 230 4496 rae,
247 4439 290 4501 pbi
303 4454 337 4489 m.
354 4437 420 4502 rec.)
