3046 5092
234 339 300 403 224
449 332 528 378 umL.
543 333 572 376 X.
601 333 642 374 AD
658 330 813 373 PAVLINVM
827 331 868 373 DE
882 328 1053 372 BREVITATE
1066 328 1165 376 VITAE.
1188 331 1210 377 3.
1225 329 1246 372 4.

235 483 495 561 conputationem
518 487 658 541 aetatem
680 488 769 541 tuam
793 498 916 541 reuoca.
963 479 1027 554 dic,
1049 485 1202 560 quantum
1226 498 1269 540 ex
1292 480 1356 542 isto
1379 486 1463 541 tem-

234 607 313 669 pore
336 587 488 661 creditor,
512 593 665 666 quantum
689 585 803 660 amica,
826 592 979 666 quantum
1002 605 1069 661 rex,
1092 595 1246 667 quantum
1269 583 1367 649 cliens
1390 585 1463 648 abs-

235 691 352 768 tulerit,
375 701 528 772 quantum
551 689 587 753 lis
611 690 735 765 uxoria,
759 699 911 772 quantum
939 710 1101 753 semorum
1126 691 1283 768 coercitio,
1307 699 1463 772 quantum

235 797 377 862 officiosa
400 818 457 878 per
480 795 591 858 urbem
616 797 808 859 discursatio.
840 797 930 858 adice
946 797 1085 872 morbos
1108 818 1189 878 quos
1209 817 1306 860 manu
1321 797 1463 860 fecimus,

210 905 326 968 aadice
355 905 444 986 quod
472 905 540 965 sine
570 924 627 964 usu
659 884 769 965 iacuit:
803 902 924 964 uidebis
955 911 988 964 te
1019 904 1181 993 paugiores
1211 924 1313 967 annos
1341 902 1463 966 habere

236 1031 330 1093 quam
362 1004 517 1071 mimeras.
563 1018 672 1090 repete
703 1009 857 1070 memoria
887 1017 1009 1084 tecum,
1046 1010 1186 1090 quando·
1205 1020 1310 1074 certus
1341 1009 1494 1072 consilii3

235 1117 338 1190 fueris
362 1125 478 1198 quotus
502 1116 633 1196 quisque
657 1115 724 1176 dies
748 1123 782 1176 ut
806 1115 1021 1203 destinaueras
1044 1118 1223 1192 recesserit,
1252 1115 1381 1199 quando
1404 1115 1462 1179 tibi

236 1243 310 1284 usus
333 1222 378 1284 tui
400 1221 506 1296 suerit,
537 1223 666 1303 quando
689 1220 719 1281 in
733 1228 827 1283 statu
849 1241 907 1282 suo
932 1219 1046 1297 uoltus,
1069 1222 1196 1303 quando
1220 1222 1345 1284 animus
1368 1223 1461 1285 intre-

236 1328 344 1409 pidus,
376 1328 451 1409 quid
482 1327 539 1390 tibi
562 1328 592 1388 in
615 1336 682 1389 tam
713 1326 812 1407 longo
835 1346 916 1388 aeuo
941 1327 1013 1389 sacti
1036 1328 1141 1408 operis
1162 1328 1218 1404 sit,
1249 1349 1346 1410 quam
1371 1328 1461 1392 multi

200 1434 333 1496 inuitam
364 1442 452 1496 tuam
477 1434 658 1516 diripuerint
680 1416 715 1495 te
735 1453 800 1495 non
824 1433 987 1508 sentiente,
1010 1433 1086 1514 quid
1109 1435 1275 1516 perderes,
1306 1442 1459 1516 quantum

236 1560 336 1602 uanus
367 1539 474 1615 dolor,
506 1538 602 1602 stulta
632 1538 767 1612 laetitia,
797 1539 890 1600 auida
921 1538 1089 1619 cupiditas,
1118 1538 1238 1602 blanda
1259 1541 1460 1603 conuersatio

237 1645 414 1721 abstulerit,
445 1666 541 1726 quam
574 1646 725 1726 exiguum
756 1644 812 1706 tibi
844 1646 885 1705 de
913 1653 968 1707 tuo
992 1645 1133 1707 relictum
1157 1647 1214 1708 sit:
1241 1645 1406 1727 intelleges
1429 1655 1461 1708 te

237 1753 428 1814 inmaturum
464 1751 551 1813 mori.
606 1751 681 1831 quid
718 1771 795 1830 ergo
831 1759 880 1812 est
914 1751 953 1810 in.
981 1755 1095 1813 causa?
1131 1759 1295 1832 tamquam
1333 1752 1494 1832 semperi

239 1858 349 1920 uicturi
388 1858 496 1928 uiuitis,
543 1877 716 1937 numquam
755 1855 845 1917 uobis
876 1856 1024 1937 fragilitas
1056 1868 1161 1920 uestra
1191 1858 1350 1920 succurrit.
1397 1878 1460 1918 non

200 1983 222 2022 ra
237 1965 427 2038 obseruatis,
459 1972 611 2043 quantum
642 1963 704 2024 iam
736 1963 889 2044 temporis
920 1963 1083 2025 transierit.
1130 1963 1215 2026 uelut
1243 1985 1285 2026 ex
1309 1962 1406 2045 pleno
1430 1974 1461 2027 et

237 2070 407 2132 abundanti
439 2070 623 2151 inpenditiS,
654 2090 725 2131 cum
757 2070 880 2130 interim
904 2067 1035 2131 fortasse
1059 2068 1109 2131 ille
1132 2071 1199 2152 ipse
1221 2070 1274 2151 qui
1297 2069 1389 2133 alicui
1412 2069 1461 2132 uel

236 2175 356 2238 homini
380 2174 429 2236 uel
452 2177 496 2236 rei
520 2176 656 2237 donatur
680 2175 746 2236 dies
769 2174 896 2237 ultimus
919 2177 968 2237 sit.
1000 2177 1106 2237 omnia
1128 2185 1293 2257 tamquam
1310 2175 1461 2239 mortales

238 2283 370 2356 timetiS,
402 2282 508 2343 omnia
538 2291 703 2363 tamquam
733 2281 914 2343 inmortales
938 2264 1182 2362 concupiscitis'
1208 2264 1318 2345 audies
1341 2282 1500 2365 pleros-5

238 2409 300 2469 que
331 2389 490 2449 dicentes:
524 2408 543 2448 a
573 2388 834 2468 quinquagesimo
866 2408 949 2449 anno
979 2388 1010 2449 in
1041 2389 1141 2450 otium
1164 2389 1321 2452 secedam.
1369 2409 1460 2452 sexa-

194 2513 225 2581 Ι1ο
240 2495 379 2575 gesimus
403 2515 454 2555 me
478 2514 577 2555 annus
600 2494 642 2554 ab
665 2493 774 2556 officiis
797 2493 943 2578 dimittet.
989 2504 1140 2576 etquem
1164 2495 1295 2557 tandem
1311 2495 1461 2577 longioris

172 2660 175 2665 .
238 2603 322 2662 uitae
350 2602 501 2682 praedem
526 2600 659 2681 accipis?
696 2600 764 2685 quis
792 2603 852 2662 ista
875 2601 954 2675 sicut
978 2601 1118 2682 disponis
1140 2601 1188 2663 ire'
1208 2602 1367 2682 patietur?
1398 2603 1460 2664 nou

237 2709 339 2789 pudet
369 2716 402 2769 te
433 2707 576 2788 reliquias
600 2709 683 2769 uitae
706 2706 762 2768 tibi
785 2727 944 2769 reseruare
968 2716 1001 2768 et
1023 2706 1054 2768 id
1078 2706 1181 2769 solum
1205 2716 1332 2790 tempus
1356 2709 1462 2784 bonae

239 2814 336 2875 menti
360 2813 524 2889 destinare,
548 2814 635 2894 quod
659 2815 688 2874 in
713 2812 830 2874 nullam
854 2833 922 2875 rem
945 2812 1078 2876 conserri
1098 2815 1219 2894 possit?
1243 2836 1340 2896 quam
1356 2835 1462 2878 serum

169 2960 172 2965 ·
239 2929 287 2982 est
318 2929 394 2983 tunc
426 2921 530 3003 uiuere
561 2921 712 3001 incipere,
744 2941 816 2981 cum
841 2920 1047 2982 desinendum
1072 2924 1140 2983 est?
1172 2942 1253 3003 quae
1276 2930 1346 2983 tam
1367 2921 1464 2985 stulta

199 3041 224 3080 2⁵
239 3027 440 3089 mortalitatis
474 3026 592 3088 obliuio
628 3028 658 3087 in
689 3027 984 3108 quinquagesimum
1015 3036 1047 3088 et
1077 3029 1313 3108 sexagesimum
1345 3050 1462 3092 annum

239 3134 363 3195 differre
399 3154 475 3195 sana
507 3133 634 3195 consilia
670 3141 702 3194 et
732 3133 805 3194 inde
836 3133 916 3195 uelle
947 3134 1044 3195 uitam
1076 3119 1240 3210 inchoare,
1275 3155 1342 3216 quo
1373 3136 1463 3217 pauci

238 3241 476 3322 perduxerunt?

327 3346 382 3408 IV.
429 3347 659 3408 Potentissimis
689 3355 721 3408 et
751 3347 781 3408 in
812 3346 910 3408 altum
942 3345 1071 3408 sublatis
1103 3339 1281 3409 hominibus
1312 3345 1505 3411 excidere1

238 3471 335 3513 uoces
358 3451 494 3527 uidebis,
526 3452 639 3533 quibus
661 3453 761 3513 otium
785 3460 913 3533 optent,
944 3451 1090 3528 laudent,
1114 3453 1260 3515 omnibus
1282 3453 1377 3516 bonis
1400 3455 1462 3516 suis

240 3648 453 3656 ———

240 3770 253 3822 1
274 3771 485 3835 computationem
592 3770 607 3823 5
627 3771 699 3820 adice
717 3771 784 3834 quod
802 3767 939 3833 Muretus,
959 3771 1031 3820 adice
1050 3777 1072 3820 et
1090 3771 1157 3836 quod
1176 3767 1285 3826 Haase:
1306 3774 1379 3823 adice
1396 3773 1463 3839 quod

179 3931 182 3938 Ι
239 3866 262 3909 et
282 3859 315 3924 (et
334 3857 528 3926 sentidelelum)
554 3858 614 3913 cod.
634 3857 705 3911 Erat
723 3875 782 3912 uum
801 3858 951 3913 conicerem
976 3861 1043 3924 quod
1067 3861 1173 3909 otiosum
1196 3866 1220 3910 et
1244 3862 1298 3911 sine
1321 3878 1366 3912 usu
1390 3863 1463 3912 iacuit

239 3945 307 4002 conl.
329 3951 353 4010 7,
374 3953 388 3999 5
408 3948 469 3997 nihil
488 3939 546 3998 inde
564 3949 678 3998 incultum
698 3949 852 4013 otiosumque
869 3949 943 3998 iacuit
1017 3988 1020 3997 .
1057 3954 1080 3998 te
1098 3951 1227 4014 pauciores
1246 3948 1413 4004 deteriores:
1440 3957 1462 4000 et

239 4091 367 4155 pauciores
475 4047 581 4155 iqiitus
678 4087 711 4140 10
735 4090 899 4153 diripuerint*
919 4086 1034 4158 (aliquid
1051 4103 1169 4156 erasum,
1185 4089 1310 4159 fortasse
1330 4092 1356 4159 7)

220 4175 494 4278 *l2exigui1tibidetuo
580 4213 612 4265 13
632 4214 728 4261 mouri
741 4210 958 4282 (antetaliquid
969 4214 1089 4280 erasum)
1174 4215 1208 4267 16
1227 4217 1358 4281 inpenditis
1369 4215 1458 4272 Koch:

240 4336 317 4400 pditis
408 4334 440 4388 18
459 4337 611 4386 immortales
701 4337 872 4400 concupiscitis
890 4333 988 4405 uulpo:
1009 4338 1194 4402 concupiscetis.
1286 4337 1320 4392 20
1339 4315 1460 4390 aboiiiciis

241 4423 377 4489 (extrema
396 4426 403 4472 i
424 4425 507 4489 corr.)
598 4423 632 4477 24
652 4425 810 4473 desinendum
831 4431 873 4476 est.
894 4424 990 4494 (supra
1003 4458 1010 4477 .
1024 4423 1131 4495 aliquid
1147 4431 1267 4488 masura]
