3046 5092
222 365 285 426 104
561 355 639 399 DlAL.
656 359 682 401 V.
713 359 752 398 DE
767 357 818 398 IRA
833 358 888 400 LlB.
904 358 945 400 Ill.
973 361 1104 403 20.21.22.

220 505 338 568 radices
361 525 488 587 quoque
511 513 544 568 et
566 504 685 568 herbae
709 505 890 568 defecerant
913 500 1119 588 apparuitque
1142 509 1233 588 inops
1257 509 1354 570 etiam
1379 509 1444 570 ani-

220 612 347 675 malium
378 612 531 686 solitudo,
562 613 719 674 decimum
744 595 909 694 ¹quemque
936 613 1037 675 sortiti
1061 613 1244 676 alimentum
1268 613 1447 677 habuerunt

218 720 302 782 fame
330 720 459 781 saeuius.
506 719 624 800 agebat
647 719 751 782 adhuc
773 729 819 781 lra
841 739 950 799 regem
974 721 1191 801 praecipitem,
1223 742 1296 783 cum
1319 730 1481 802 parteml

219 829 374 889 exercitus
397 827 569 901 amisisset,
597 834 721 906 partem
745 827 949 900 comedisset,
981 827 1085 888 donec
1112 827 1227 902 timuit,
1258 848 1299 889 ne
1323 835 1357 889 et
1379 829 1448 908 ipse

192 942 385 996 ⁵uocaretur
407 932 447 995 ad
470 941 609 995 sortem:
642 941 711 994 tum
734 935 864 995 demum
887 935 1011 1012 signum
1034 935 1173 1015 receptui
1196 935 1293 997 dedit.
1340 955 1446 997 serua·

218 1040 335 1105 bantur
355 1042 478 1102 interim
503 1059 676 1120 generosae
699 1039 740 1101 illi
764 1060 839 1102 aues
863 1048 895 1101 et
915 1041 1121 1131 instrumenta
1137 1040 1300 1121 epularum
1317 1041 1447 1104 camelis

219 1148 429 1223 uehebantur,
460 1166 532 1208 cum
562 1147 745 1208 sortirentur
768 1146 881 1208 milites
905 1147 985 1220 eius,
1016 1147 1085 1227 quis
1109 1146 1192 1209 male
1215 1148 1350 1228 periret,
1378 1151 1447 1229 quis

141 1246 143 1251 ἲ
218 1259 306 1337 peius
328 1258 456 1317 uiueret.
619 1335 623 1341 Ι
1238 1314 1241 1319 a

307 1362 394 1424 XXI.
425 1361 486 1422 Hic
514 1363 610 1422 iratus
640 1359 697 1422 fuit
721 1363 807 1440 genti
830 1369 862 1422 et
885 1363 1014 1440 ignotae
1037 1368 1069 1421 et
1091 1360 1268 1436 inmeritae,
1296 1380 1446 1425 sensurae
1465 1371 1474 1422 l

179 1482 204 1524 1⁰
217 1478 344 1533 tamen:
379 1467 481 1547 Cyrus
502 1466 628 1528 flumini.
666 1486 740 1529 nam
758 1487 829 1528 cum
845 1467 1013 1547 Babylona
1029 1477 1267 1548 oppugnaturus
1284 1465 1447 1531 festinaret

217 1570 414 1650 adbellum,
445 1575 531 1636 cuius
554 1576 696 1635 maxima
719 1583 883 1636 momenta
905 1577 935 1636 in
959 1575 1176 1647 occasionibus
1198 1582 1280 1650 sunt,
1305 1573 1446 1654 Gynden

217 1682 281 1747 late
311 1681 413 1744 fusum
447 1700 574 1743 amnem
598 1683 683 1743 uado
706 1683 837 1743 transire
859 1682 1041 1762 temptauit,
1072 1682 1158 1762 quod
1182 1683 1237 1743 uix
1259 1690 1365 1744 tutum
1389 1691 1446 1758 est,

217 1794 312 1853 etiam
336 1810 408 1851 curn
432 1789 529 1850 sensit
552 1796 707 1850 aestatem
731 1796 764 1850 et
787 1789 828 1850 ad
853 1788 1015 1850 minimum
1039 1789 1194 1850 deductus
1209 1796 1267 1850 est.
1306 1787 1350 1850 ibi
1366 1805 1478 1859 unus2

217 1919 259 1960 ex
289 1899 323 1959 iis
351 1899 453 1978 equis,
484 1896 537 1975 qui
568 1894 693 1957 trahere
723 1895 844 1976 regium
875 1915 999 1957 currum
1028 1895 1091 1957 albi
1113 1895 1269 1970 solebant,
1292 1894 1446 1978 abreptus

180 2017 203 2056 ¹⁵
217 2004 423 2067 uehementer
446 2003 621 2064 commouit
644 2022 772 2082 regem:
799 2002 909 2064 iurauit
930 2002 1036 2084 itaque
1055 2023 1090 2064 se
1106 2022 1233 2065 amnem
1253 2001 1342 2065 illum
1362 2003 1447 2084 regis

217 2112 386 2174 comitatus
416 2107 609 2171 auferentem
641 2129 680 2170 eo
704 2111 918 2184 redacturum,
946 2118 981 2170 ut
1003 2111 1127 2171 transiri
1149 2107 1324 2191 calcarique
1347 2112 1445 2172 etiam

216 2240 235 2281 a
265 2217 387 2280 feminis
417 2224 534 2297 posset.
580 2214 641 2276 huc
672 2217 788 2277 deiude
819 2236 949 2278 omnem
976 2215 1133 2278 transtulit
1156 2215 1230 2278 belli
1252 2216 1480 2297 adparatum3

217 2333 250 2386 et
271 2326 393 2386 tamdiu
416 2324 540 2385 adsedit
562 2325 659 2402 operi,
683 2325 824 2385 donecc
846 2331 878 2384 et
893 2336 989 2384 Lxxx
1006 2322 1151 2386 cuniculis
1167 2323 1300 2385 diuisum
1316 2323 1446 2387 alueum

216 2434 247 2494 in
270 2443 335 2492 CCC
367 2440 402 2492 et
423 2443 468 2491 Lx
498 2432 581 2491 rivos
604 2429 800 2510 dispergeret
823 2438 855 2491 et
878 2431 994 2492 siccum
1017 2428 1206 2512 relinqueret
1227 2430 1259 2491 in
1283 2431 1446 2494 diuersum

176 2548 202 2588 ²⁰
217 2537 383 2607 fluentibus
406 2539 504 2616 aquis,
549 2536 640 2616 periit
662 2536 768 2616 itaque
791 2544 823 2598 et
846 2544 981 2616 tempus
1006 2555 1123 2617 magna
1146 2539 1176 2598 in
1201 2538 1325 2618 magnis
1348 2537 1448 2601 rebus
1467 2553 1484 2606 4

215 2646 341 2719 iactura,
366 2654 399 2706 et
422 2642 554 2705 militum
578 2645 682 2718 ardor,
705 2663 800 2724 quern
824 2642 937 2704 inutilis
960 2642 1051 2705 labor
1071 2643 1172 2724 fregit,
1196 2651 1228 2704 et
1244 2646 1370 2707 occasio
1387 2647 1447 2708 ad-

216 2752 379 2831 grediendi
409 2751 581 2830 inparatos,
614 2753 690 2812 dum
720 2750 769 2812 ille
793 2748 911 2812 bellum
934 2751 1085 2812 indictum
1109 2749 1290 2812 hosticum
1314 2751 1450 2816 flumine

215 2861 303 2939 gerit.
342 2858 392 2919 hic
414 2856 508 2932 furor,
531 2858 607 2938 quid
628 2859 710 2919 enim
727 2857 810 2918 aliud
826 2859 942 2918 uoces?
974 2857 1141 2919 Romanos
1157 2877 1285 2939 quoque
1301 2860 1448 2940 contigit
1469 2870 1486 2924 5

216 2964 250 3027 C.
274 2968 357 3028 enim
382 2962 499 3027 Caesar
521 2964 628 3026 uillam
651 2967 682 3027 in
706 2963 933 3026 Herculanensi
956 2964 1214 3051 pulcherrimam,
1245 2965 1318 3046 quia
1340 2976 1449 3030 mater

175 3082 199 3123 ²⁵
213 3093 270 3135 sua
297 3072 466 3153 aliquando
496 3074 527 3133 in
557 3069 609 3133 illa
632 3073 790 3133 custodita
813 3079 896 3146 erat,
930 3073 1021 3133 diruit
1049 3070 1186 3153 fecitque
1209 3074 1274 3134 eius
1295 3091 1354 3152 per
1381 3075 1449 3136 hoc

213 3177 388 3240 notabilem
412 3178 580 3240 fortunam.
625 3186 763 3239 stantem
787 3181 870 3239 enim
894 3178 1212 3259 praenauigabamuS,
1242 3198 1325 3240 nunc
1348 3199 1450 3244 causa

214 3287 335 3347 dirutae
358 3287 524 3365 quaeritur.
773 3284 780 3293 '

173 3476 176 3481 ⁹
269 3455 273 3464 ,
296 3391 397 3452 XXII.
414 3391 457 3454 Et
472 3392 552 3453 haec
568 3393 739 3472 cogitanda
753 3402 826 3454 sunt
837 3391 995 3472 exempla,
1012 3412 1093 3472 quae
1108 3395 1196 3467 uites
1213 3402 1246 3454 et
1260 3392 1387 3455 illorum
1405 3416 1451 3458 ex
1471 3406 1486 3457 1

215 3499 382 3572 contrariu,
405 3519 487 3579 quae
502 3502 649 3579 sequaris
674 3502 849 3574 moderata,
873 3500 962 3574 lenia,
985 3499 1097 3579 quibus
1113 3513 1173 3562 nec
1187 3500 1229 3561 ad
1245 3502 1451 3565 irascendum

175 3618 200 3656 ³0
215 3625 309 3668 causa
339 3603 438 3667 defuit
461 3626 520 3669 nec
543 3606 583 3668 ad
604 3606 819 3668 ulciscendum
843 3615 996 3687 potestas.
1041 3607 1118 3687 quid
1142 3609 1225 3668 enim
1248 3606 1366 3671 facilius
1392 3609 1492 3675 suita

213 3695 381 3791 Antigono
412 3734 508 3795 quam
541 3716 621 3777 duos
655 3713 864 3796 manipulares
896 3715 967 3776 duci
997 3713 1119 3790 iubere,
1150 3717 1203 3796 qui
1225 3715 1453 3781 incumbentes

215 3981 342 4033 lherbae
367 3980 439 4034 dett:
467 3956 568 4031 berbii*
658 3981 797 4031 defecerunt
818 3979 914 4034 Gertz:
937 3980 1076 4031 defecerant
1178 3977 1249 4030 billi
1267 3997 1325 4032 aues
1344 3980 1451 4054 uulgo:

213 4089 260 4137 illis
280 4105 338 4138 oues
390 4079 392 4083 ’
459 4089 601 4151 ὓεεηευτᾲε
710 4089 739 4140 11
763 4088 877 4153 Gyndem
897 4086 951 4140 E':
972 4105 1063 4152 gygem
1176 4087 1208 4140 17
1227 4090 1275 4139 huc
1294 4085 1376 4143 deth:
1399 4092 1453 4143 hoc

326 4186 471 4244 apparatum
593 4175 626 4229 18
652 4179 743 4228 assedit
857 4176 888 4228 ‘21
917 4178 1079 4240 aggrediendi
1106 4176 1196 4248 (prior
1214 4194 1231 4242 g
1250 4178 1336 4245 corr.)

213 4302 248 4356 22
266 4261 364 4369 figmine
448 4302 482 4356 24
502 4289 534 4356 G.
622 4301 657 4354 28
676 4303 718 4351 illa
737 4303 763 4366 (a
782 4302 809 4353 r'n
828 4301 895 4365 ras.)
916 4319 944 4351 ex
964 4298 1024 4354 cod.
1044 4302 1141 4350 illorum
1161 4319 1190 4352 ex
1209 4299 1294 4368 Koch,
1312 4303 1451 4371 quoniam

213 4393 300 4456 quibus
325 4390 363 4445 ad
380 4391 507 4461 exempla
533 4390 639 4459 referri
660 4391 768 4458 nequit:
796 4389 832 4458 osi
852 4390 886 4442 de
906 4397 996 4459 tranq.
1016 4389 1101 4442 animi
1117 4395 1141 4454 2,
1164 4393 1175 4442 1
1202 4406 1248 4441 uec
1272 4390 1317 4440 ulli
1343 4396 1454 4461 propius

213 4482 365 4530 admouerim
386 4484 499 4546 exemplo
519 4499 594 4547 quarn
614 4498 699 4530 eorum
