3046 5092
126 265 130 272 '
151 293 215 353 280
389 283 530 324 ninuxu.
562 283 602 322 uu
618 282 769 322 Pouuuivu
787 283 827 322 on
841 281 1082 323 consumimus.
1111 283 1131 322 9.

150 431 280 513 propius
312 431 454 492 intuetur.
513 429 587 509 quid
619 429 724 508 itaque
756 428 820 488 eius
851 428 1006 489 desiderio
1039 447 1197 501 maceror,
1237 427 1290 506 qui
1320 436 1376 488 aut

150 537 262 598 beatus
279 546 332 598 aut
347 535 448 596 nullus
465 538 534 597 est?
566 535 695 595 beatum
721 532 837 595 deflere
862 533 975 595 inuidia
991 543 1048 607 est,
1070 533 1188 595 nullum
1206 533 1376 595 dementia

153 639 228 727 [28]
261 632 302 704 an
323 641 386 703 hoc
409 651 440 702 te
465 649 589 714 mouet,
622 640 708 719 quod
734 640 856 701 uidetur
880 639 1057 719 ingentibus
1082 650 1207 701 etcum
1233 641 1410 704 maximel

152 748 342 814 circumfusis
380 749 472 808 bonis
511 747 665 807 caruisse?
712 766 783 807 cum
822 746 1010 825 cogitaueris
1041 740 1140 807 multa
1155 749 1255 821 esse,
1273 815 1274 819 η
1295 766 1377 825 quae

126 855 304 936 sperdidit,
336 854 442 934 cogita
472 853 561 934 plura
592 873 676 927 esse,
708 872 788 931 quae
819 873 882 912 non
915 853 1024 914 timet:
1046 864 1123 913 ,non
1147 852 1191 912 ira
1214 873 1287 914 eum
1310 860 1377 912 tor·

152 961 276 1042 quebit,
307 981 371 1021 non
403 959 534 1021 morbus
558 959 703 1039 adfliget,
735 979 797 1020 non
822 959 956 1039 suspicio
980 958 1121 1033 lacesset,
1146 979 1209 1018 non
1233 959 1319 1020 edax
1345 967 1377 1020 et

153 1067 276 1128 inimica
299 1088 424 1148 semper
447 1066 552 1128 alienis
575 1064 773 1146 processibus
793 1065 907 1126 inuidia
927 1064 1167 1139 consectabitur,
1190 1045 1259 1127 non*
1272 1072 1377 1138 metus
1429 1044 1442 1062 κ

153 1172 344 1248 sollicitabit,
375 1194 439 1234 non
471 1172 580 1234 leuitas
611 1171 752 1233 fortunae
776 1173 839 1233 cito
863 1149 994 1232 munera
1016 1192 1071 1232 sua
1094 1170 1308 1234 transferentis
1332 1173 1376 1232 in-

155 1280 316 1362 quietabit.
362 1281 387 1341 si
410 1279 493 1341 bene
517 1289 678 1360 conputes,
704 1279 773 1359 plus
796 1278 837 1340 illi
860 1278 1022 1339 remissum
1043 1291 1142 1359 'quam
1160 1285 1303 1357 ereptum
1320 1284 1377 1337 est.

115 1405 140 1445 ιο
155 1408 218 1448 non
243 1387 355 1467 opibus
387 1386 519 1460 fruetur,
551 1406 614 1446 non
646 1394 699 1446 tua
730 1383 821 1446 simul
852 1405 889 1445 ac
920 1404 975 1445 sua
1007 1385 1115 1464 gratia.
1151 1405 1215 1445 non
1247 1383 1413 1464 accipietb

154 1492 315 1567 beneficia,
339 1513 402 1553 non
426 1491 532 1553 dabit:
567 1491 715 1553 miserum
739 1501 841 1573 putas,
865 1492 953 1571 quod
974 1491 1033 1578 ista
1048 1492 1158 1565 amisit,
1182 1510 1221 1551 an
1237 1490 1378 1563 beatum,

155 1601 241 1680 quod
266 1620 330 1660 non
355 1600 531 1662 desiderat?
570 1597 645 1659 mihi
669 1599 772 1673 crede,
795 1597 820 1659 is
841 1597 964 1660 beatior
986 1609 1043 1672 est,
1068 1599 1115 1676 cui
1131 1598 1257 1660 fortuna
1272 1618 1377 1679 super-

155 1727 254 1768 uacua
278 1716 341 1781 est,
373 1725 469 1785 quam
493 1705 534 1779 is,
566 1706 614 1767 cui
637 1717 747 1784 parata
771 1713 827 1766 est.
874 1705 981 1767 omnia
1003 1706 1061 1766 ista
1086 1705 1186 1783 bona,
1215 1724 1297 1784 quae
1321 1724 1379 1764 nos

156 1813 300 1894 speciosa
323 1814 379 1873 sed
403 1810 502 1873 fallaci
526 1810 691 1892 uoluptate
715 1809 881 1880 delectant,
906 1812 1045 1892 pecunia,
1070 1812 1213 1889 dignitas,
1237 1810 1380 1893 potentia

77 1989 81 1999 Ι
120 1939 143 1978 u
157 1920 277 1999 aliaque
293 1917 452 2000 conplura,
468 1919 509 1979 ad
526 1937 607 1999 quae
623 1917 746 1996 generis
762 1917 890 1979 humani
903 1938 998 1979 caeca
1009 1918 1163 1997 cupiditas
1174 1916 1380 1998 obstupescit,

156 2047 228 2087 cum
260 2025 368 2086 labore
399 2025 615 2105 possidentur,
647 2045 717 2085 cum
747 2024 862 2085 inuidia
885 2025 1131 2113 conspiciuntur,
1163 2043 1219 2085 eos
1242 2021 1381 2103 denique

156 2121 241 2213 ipsos
272 2152 352 2213 quos
381 2139 553 2206 exornant,
585 2140 616 2193 et
644 2140 791 2212 premunt
844 2130 914 2212 plus
938 2131 1096 2193 minantur
1120 2151 1215 2211 quam
1238 2137 1379 2212 prosunt.
1415 2170 1419 2177 -

156 2238 274 2300 lubrica
306 2247 338 2300 et
369 2238 485 2299 incerta
515 2247 594 2300 sunt.
641 2257 812 2317 numquam
844 2238 926 2298 bene
954 2220 1117 2315 tenentur:
1151 2258 1225 2299 nam
1249 2246 1283 2299 ut
1307 2237 1381 2300 nihil

76 2327 83 2332 ¹
157 2345 198 2406 de
229 2354 375 2426 tempore
406 2344 509 2405 futuro
533 2346 694 2419 timeatur,
727 2345 794 2424 ipsa
817 2352 925 2405 tamen
948 2364 1084 2424 magnae
1107 2343 1259 2407 felicitatis
1282 2343 1381 2406 tutela

118 2470 143 2509 u
158 2449 289 2512 sollicita
319 2460 375 2512 est.
422 2451 446 2511 si
479 2449 555 2511 uelis
584 2451 711 2512 credere
735 2449 826 2511 altius
850 2453 1015 2512 ueritatem
1038 2450 1245 2525 intuentibus,
1271 2450 1414 2523 ,omnistt

160 2557 223 2618 uita
245 2555 431 2638 supplicium
455 2565 520 2618 est:
553 2559 581 2618 in
602 2556 665 2618 hoc
680 2556 870 2638 profundum
888 2557 1122 2637 inquietumque
1138 2557 1269 2638 proiecti
1285 2578 1381 2633 mare,

159 2663 283 2724 alternis
313 2663 451 2725 aestibus
482 2664 676 2751 reciprocum
709 2672 740 2724 et
773 2664 871 2724 modo
895 2663 1045 2725 adleuans
1069 2684 1127 2725 nos
1150 2662 1260 2726 subitis
1284 2664 1381 2726 incre-

160 2769 282 2843 mentis,
307 2770 406 2830 modo
431 2769 600 2850 maioribus
625 2770 747 2830 damnis
772 2768 915 2830 deserens
939 2771 1132 2849 adsidueque
1148 2771 1279 2845 iactans·
1290 2791 1381 2831 num·
1415 2807 1418 2812 -

160 2895 254 2953 quam
286 2875 389 2936 stabili
420 2876 618 2938 consistimus
649 2875 744 2937 loco'
777 2876 954 2956 pendemus
983 2885 1014 2937 et
1039 2875 1225 2938 fluctuamur
1248 2884 1280 2937 et
1303 2873 1384 2938 alter

119 3001 144 3041 as
159 2982 189 3042 in
227 2981 360 3042 alterum
394 2976 548 3043 inlidimur
580 2991 613 3043 et
644 2981 812 3062 aliquando
845 2964 1039 3062 naufragium
1071 2981 1217 3056 facimuS‚
1256 3002 1383 3061 semper
1430 2996 1433 3000 ’

159 3088 314 3151 timemus.
362 3088 391 3148 in
416 3087 478 3150 hoc
501 3098 566 3149 tam
582 3087 761 3168 procelloso
778 3097 809 3149 et
826 3090 866 3149 ad
884 3109 995 3149 omnes
1011 3098 1217 3169 tempestates
1233 3089 1383 3168 exposito
1402 3094 1422 3147 7.

159 3194 237 3254 mari
268 3195 486 3273 nauigantibus
517 3193 616 3256 nullus
648 3204 760 3275 portus
791 3196 846 3255 nisi
878 3195 989 3256 mortis
1021 3204 1076 3256 est.
1131 3215 1170 3255 ne
1202 3197 1307 3276 itaque
1339 3195 1381 3255 in-

160 3299 273 3360 uideris
296 3299 380 3360 fratri
403 3307 478 3361 tuo:
513 3301 651 3382 quiescit.
698 3302 828 3363 tandem
851 3301 944 3375 liber,
969 3302 1098 3362 tandem
1123 3309 1223 3376 tutus,
1251 3300 1381 3363 tandem

160 3414 305 3466 aeternus
336 3416 391 3467 est.
437 3407 639 3489 superstitem
665 3406 833 3469 Caesarem
858 3407 1139 3487 omnemque'eius
1162 3405 1301 3487 prolem,
1332 3427 1380 3468 su-

119 3513 324 3592 uperstitem
355 3522 387 3574 te
418 3533 490 3574 cum
522 3514 744 3576 communibus
774 3513 872 3575 habet
903 3513 1056 3575 fratribus.
1099 3522 1273 3593 ‘antequam
1297 3513 1381 3593 quic-

154 3761 174 3812 ‘l
200 3761 313 3825 proprius
333 3758 360 3813 E
453 3760 468 3813 3
494 3761 632 3810 uidentibus
651 3763 789 3826 ingentibus
808 3760 835 3814 B
924 3767 948 3810 et
966 3762 1072 3810 maxime
1090 3758 1118 3813 Ε
1202 3760 1222 3813 l
1245 3762 1318 3810 bonis
1337 3762 1382 3811 cir-

160 3851 237 3898 cuisse
256 3847 284 3902 E
371 3848 386 3902 6
411 3851 513 3914 suspitio
533 3849 559 3903 B
651 3858 695 3899 vet
714 3851 814 3900 inimica
834 3849 860 3903 B
886 3867 888 3872 ⁴
950 3849 965 3901 7
986 3851 1169 3899 consecrabitur
1187 3846 1215 3901 Ε
1308 3849 1323 3902 9
1348 3857 1382 3898 est

158 3943 222 4007 post
241 3945 349 4004 ereptum
368 3939 465 3992 omittit
477 3935 504 3989 Ε
595 3940 624 3991 13
644 3956 693 3988 non
712 3940 824 4004 speciosa
836 3936 891 3991 DE
981 3939 1012 3991 ’14
1031 3940 1156 4004 uoluptate
1173 3939 1256 3988 fallaci
1270 3937 1297 3992 Ε

164 4027 194 4079 lb
214 4025 332 4092 adquevB
396 4050 398 4054 ⁴
423 4027 455 4080 tr}
475 4045 517 4077 eos
530 4029 633 4092 denique
652 4027 722 4092 ipsos
731 4025 825 4095 Haupt
844 4029 991 4093 eosdemque
1009 4029 1076 4092 ipsos
1089 4024 1142 4079 DE
1158 4029 1192 4077 eis
1211 4029 1315 4094 demque
1335 4029 1381 4093 ipis

161 4115 220 4181 (tin
234 4114 327 4181 litura)
349 4115 373 4169 B
493 4117 522 4169 2l
547 4117 727 4181 improfundum
746 4114 775 4168 Ε
897 4116 931 4168 22
950 4117 1021 4166 altius
1039 4112 1169 4167 estibusE
1292 4123 1316 4166 et
1334 4135 1381 4166 non

161 4204 268 4253 alleuans
281 4203 308 4258 Ε
395 4205 428 4258 23
448 4207 524 4255 modo
544 4204 640 4258 omittit
652 4203 678 4256 B
769 4205 864 4255 assidue
882 4202 910 4256 Ε
997 4205 1031 4257 25
1051 4202 1203 4257 elidimurD
1222 4203 1383 4256 illidamurlt'

250 4292 283 4346 26
303 4311 376 4358 quam
395 4295 533 4358 procelloso
546 4290 574 4344 Ε
655 4295 686 4341 ad
701 4310 786 4342 omnes
802 4290 883 4347 Gertz
897 4296 920 4343 in
935 4310 1019 4343 omnes
1035 4290 1116 4346 BDE
1203 4291 1237 4345 29
1252 4294 1379 4343 Caesarem

162 4399 307 4447 omnemque
326 4385 376 4432 eius
396 4384 490 4448 prolem
510 4384 659 4448 superstitem
680 4381 774 4435 omittit
793 4381 837 4434 B·
909 4381 943 4434 30
963 4388 1041 4432 tecum
1065 4380 1087 4434 B
