3046 5092
236 345 296 409 142
449 339 528 382 mnu.
545 340 581 381 vr.
612 338 1120 380 11)ΜΑκειΑΜοΕεοΝεοιΑῃοΝΕ.
1151 341 1183 382 rs.
1202 341 1233 382 u.

1150 434 1161 460 Ι

221 486 369 569 111ρί1111111
413 505 675 566 gemmarumque
718 484 821 563 fulgor
859 494 890 546 et
929 485 1008 546 inter
1046 484 1227 566 rapidorum
1266 483 1461 547 torrentium

231 592 363 654 harenas
387 613 496 654 aurum
518 592 697 676 interfluens
720 600 752 653 et
775 592 804 652 in
830 593 940 653 mediis
964 591 1053 652 terris
1069 592 1240 672 medioque
1256 611 1363 652 rursus
1380 592 1463 653 mari

230 699 398 761 aethereae
428 700 545 780 ignium
576 698 659 760 faces
691 708 722 760 et
751 698 906 760 uinculum
930 708 1083 760 terrarum
1107 718 1259 772 oceanus,
1291 698 1461 760 continua-

231 807 350 867 tionem
374 807 513 886 gentium
537 805 646 887 triplici
671 806 738 867 sinu
761 806 905 868 scindens
922 814 955 867 et
969 805 1088 886 ingenti
1104 803 1227 866 licentia
1242 808 1461 866 exaestuans?

205 911 353 974 suidebis
384 912 434 974 hic
464 913 606 994 inquietis
636 922 669 974 et
699 913 765 974 sine
793 923 889 974 uento
913 911 1133 974 fluctuantibus
1157 911 1244 992 aquis
1267 912 1378 972 innare
1403 918 1499 972 err-7

232 1019 356 1080 cedenti
386 1029 509 1082 terrena
541 1021 756 1100 magnitudine
787 1019 946 1093 animalia,
977 1020 1135 1100 quaedam
1166 1018 1274 1098 grauia
1297 1026 1330 1079 et
1355 1016 1462 1079 alieno

231 1146 265 1187 se
296 1127 477 1206 magisterio
509 1127 684 1219 mouentia,
716 1126 872 1208 quaedam
897 1125 1018 1187 uelocia
1040 1135 1072 1187 et
1096 1126 1258 1187 concitatis
1272 1125 1464 1206 'perniciora

231 1233 383 1312 remigiis,
422 1234 579 1314 quaedam
618 1233 789 1295 haurientia
819 1233 919 1294 undas
950 1242 983 1294 et
1014 1252 1132 1311 magno
1163 1231 1474 1314 praenauigantium¹

208 1338 369 1420 'periculo
408 1338 551 1400 efflantia.
598 1341 719 1401 uidebis
757 1339 807 1402 hic
842 1341 965 1420 nauigia
999 1360 1077 1420 quas
1112 1359 1177 1400 non
1207 1359 1327 1402 nouere
1358 1349 1463 1402 terras

192 1461 217 1505 111
231 1447 419 1527 quaerentia.
465 1446 586 1509 uidebis
618 1447 690 1508 nihil
719 1447 876 1508 humanae
898 1445 1048 1508 audaciae
1078 1448 1302 1527 intemptatum
1333 1447 1462 1528 erisque

231 1562 263 1615 et
293 1562 454 1633 spectator
485 1562 517 1614 et
548 1555 615 1633 ipse
644 1575 717 1635 pars
749 1573 863 1634 magna
894 1556 1083 1615 conantium.
1130 1554 1231 1614 disces
1262 1553 1462 1634 docebisque

230 1668 330 1734 arteS,
361 1660 443 1722 alias
467 1680 549 1741 quae
580 1662 676 1722 uitam
707 1662 874 1734 instruant,
906 1660 981 1723 alias
1011 1680 1092 1741 quae
1116 1667 1245 1734 ornent,
1275 1658 1353 1721 alias
1377 1650 1463 1740 quae

230 1776 350 1848 regant.
396 1768 453 1828 sed
476 1768 544 1828 istic
568 1776 657 1828 erunt
680 1766 763 1828 mille
787 1787 965 1848 corporum,
989 1767 1164 1828 animorum
1184 1775 1299 1848 pestes,
1323 1776 1358 1828 et
1376 1765 1498 1828 bellat

231 1885 263 1936 et
294 1873 457 1935 latrocinia
484 1883 515 1935 et
538 1894 660 1935 uenena
684 1884 715 1935 et
738 1872 898 1953 naufragia
921 1883 953 1934 et
976 1874 1176 1954 intemperies
1199 1872 1276 1935 caeli
1299 1874 1461 1955 corporis-

193 1997 216 2036 u
231 2001 293 2060 que
317 1991 348 2041 et
372 1980 602 2042 carissimorum
626 1981 740 2042 acerba
763 1980 918 2042 desideria
941 1988 973 2041 et
997 2001 1095 2054 morS,
1119 1980 1272 2042 incertum
1296 1978 1395 2042 facilis
1419 1971 1463 2042 ah

230 2107 287 2167 per
310 2106 447 2167 poenam
472 2089 720 2169 cruciatumque:
747 2086 887 2149 delibera
909 2097 1014 2148 tecum
1037 2097 1070 2148 et
1085 2088 1256 2168 perpende,
1279 2087 1356 2168 quid
1374 2086 1462 2149 uelis

231 2202 266 2255 ut
297 2194 338 2254 ad
369 2193 420 2255 illa
443 2194 565 2267 uenias,
596 2214 652 2273 per
682 2193 734 2256 illa
765 2195 947 2255 exeundum
972 2202 1026 2254 est.
1073 2193 1280 2274 respondebis
1311 2193 1396 2255 uelle
1427 2203 1462 2256 te

232 2301 357 2361 uiuere?
389 2300 514 2381 quidni?
528 2350 531 2357 .
546 2301 670 2374 immo,
684 2310 775 2380 put0,
798 2302 840 2363 ad
864 2301 896 2362 id
919 2321 981 2361 non
1006 2301 1147 2376 accedes,
1171 2319 1213 2361 ex
1236 2320 1300 2381 quo
1323 2299 1382 2362 tibi
1405 2299 1463 2363 ali·

232 2407 307 2487 quid
338 2408 442 2469 decuti
474 2405 572 2469 doles.
626 2408 696 2469 uiue
727 2427 805 2488 ergo
836 2416 870 2468 ut
899 2407 1052 2468 conuenit.
1106 2388 1221 2480 nemo,
1248 2406 1368 2488 inquis,
1400 2428 1464 2469 nos

150 2597 153 2601 ἡ
191 2532 218 2572 ro
232 2513 394 2576 consuluit.
440 2514 574 2575 consulti
604 2524 676 2575 sunt
708 2516 748 2575 de
779 2514 871 2575 nobis
895 2523 1041 2594 parentes
1064 2513 1179 2586 nostri,
1208 2515 1359 2595 quicum
1384 2534 1462 2576 con-

233 2620 387 2682 dicionem
412 2624 494 2683 uitae
517 2619 655 2696 nossent,
678 2622 709 2682 in
732 2620 814 2683 hanc
836 2641 894 2682 nos
918 2619 1120 2682 sustulerunt]

321 2728 406 2788 XIX.
439 2727 504 2790 Sed
528 2737 562 2790 ut
585 2730 627 2790 ad
650 2729 767 2790 solacia
788 2730 921 2802 ueniam,
945 2728 1017 2789 uide
1033 2729 1074 2789 sis
1097 2729 1233 2808 primurn
1248 2728 1324 2809 quid
1347 2748 1463 2790 curan.
1487 2733 1497 2784 1

233 2836 309 2896 dum
333 2836 379 2909 sit,
404 2836 518 2897 deinde
541 2836 822 2916 quemadmodum.
859 2844 968 2896 mouet
991 2833 1153 2915 lugentem
1177 2833 1370 2896 desiderium
1394 2836 1464 2897 eius

232 2961 326 3023 quem
358 2940 478 3003 dilexit.
524 2942 556 3004 id
586 2963 643 3023 per
673 2962 708 3004 se
730 2940 893 3004 tolerabile
924 2962 993 3003 esse
1016 2950 1155 3022 apparet
1201 2941 1343 3003 absentis
1375 2943 1465 3005 enim

233 3172 249 3223 2
268 3173 373 3222 harenas
391 3190 475 3222 aurum
492 3171 588 3226 Curio:
610 3190 693 3222 aurum
707 3173 804 3223 harenis
824 3171 883 3225 cod.
903 3187 990 3242 quare
1009 3187 1091 3220 aurum
1110 3172 1216 3222 harenas
1231 3168 1316 3225 Gertz
1329 3170 1466 3240 praefert

323 3273 400 3364 medis
496 3316 660 3369 3aethereae
679 3314 773 3384 Haupt
782 3293 789 3364 :⁴
809 3322 887 3364 terrae
907 3313 946 3381 (in
964 3316 1033 3379 ras.)
1123 3314 1333 3364 continuationem
1354 3311 1462 3385 Neap.:

234 3441 384 3490 continuatio
404 3437 464 3493 cod.
481 3436 559 3506 falsa
578 3445 675 3506 narrat
693 3437 805 3493 Fickert
907 3438 923 3491 4
942 3415 1052 3504 exestuai
1114 3434 1119 3442 ’
1155 3439 1170 3489 ι’)
1190 3439 1231 3488 hic
1251 3453 1321 3490 unus
1341 3436 1464 3492 deterio-

233 3544 309 3580 rum:
336 3529 374 3577 his
489 3531 573 3578 innare
598 3527 661 3582 olim
686 3534 853 3582 correctum:
887 3529 966 3577 innati
1074 3528 1199 3577 excedenti
1223 3531 1318 3576 terrena
1348 3524 1466 3597 lipsius

234 3619 365 3684 (terrestria
381 3616 562 3684 Gronom'usl:
584 3624 606 3667 et
625 3618 750 3668 excedenti
770 3619 884 3666 terrentia
968 3616 983 3669 'l‘
1005 3617 1129 3666 mouentia
1143 3613 1307 3669 deteriores:
1321 3617 1465 3666 mouentita

340 3709 356 3759 a
380 3708 489 3772 remigiis
509 3705 672 3761 deteriores:
693 3708 793 3770 remigis
901 3707 1036 3755 haurientia
1055 3703 1219 3758 deteriores:
1241 3705 1352 3754 aurentia

235 3795 268 3848 10
292 3797 417 3860 querentia
519 3796 596 3845 nichil
702 3798 872 3860 intemptatum
899 3793 1061 3848 deteriores:
1090 3795 1234 3859 intemplato
1260 3793 1344 3857 (corr.
1370 3792 1399 3846 in
1426 3795 1465 3844 ln·

234 3919 377 3987 temptatae)
467 3920 496 3971 ll
517 3928 539 3968 et
552 3926 675 3984 spectator
688 3918 813 3988 lipsius:
828 3921 851 3970 ei
863 3926 988 3983 spectator
1072 3934 1128 3982 pars
1142 3915 1306 3972 deteriores:
1328 3892 1373 3982 par

235 4008 267 4062 13
281 4009 335 4058 istic
349 4007 373 4077 (c
386 4025 401 4061 e
413 4009 497 4075 corr.)
578 4025 718 4073 corporum,
732 4009 870 4057 animorum
880 4005 975 4074 fulcro
989 4023 1069 4075 effere
1080 4021 1134 4060 non
1142 4012 1213 4076 puto
1293 4005 1325 4057 15
1340 4007 1465 4058 incertum

234 4097 297 4152 olim
316 4101 481 4161 correctum:
510 4098 613 4146 incertus
709 4096 739 4148 16
759 4113 849 4162 penam
941 4095 974 4148 18
992 4096 1093 4160 quidni?
1120 4097 1206 4158 immo,
1226 4100 1293 4160 puto,
1313 4095 1347 4144 ad
1365 4096 1392 4144 id
1412 4113 1465 4147 non

234 4186 357 4239 haesitans
384 4185 487 4256 (possis
511 4184 590 4239 etiam
609 4186 694 4252 inuita)
714 4187 818 4235 accedes
839 4183 936 4245 Gertz,
961 4182 1186 4255 quarantaniam
1205 4184 1462 4254 recteperspexit;

234 4278 318 4341 quidni
338 4278 450 4327 inmerito
470 4276 502 4324 ad
522 4275 547 4323 id
566 4292 615 4324 non
635 4276 740 4324 accedas
759 4273 814 4341 ipse
834 4273 939 4327 conieci
1039 4272 1072 4325 20
1097 4273 1201 4323 consulti
1219 4277 1273 4322 sunt
1292 4270 1462 4326 deteriores:

234 4366 370 4414 consulitis
389 4372 442 4414 sunt
515 4380 570 4413 cum
590 4361 753 4417 deteriores:
776 4373 831 4412 tunc
910 4363 942 4415 21
963 4364 988 4410 in
1007 4363 1072 4412 hanc
1091 4359 1255 4415 deteriores:
1277 4378 1308 4411 an
1321 4363 1389 4412 hanc

235 4451 269 4504 22
287 4453 344 4502 uide
362 4455 394 4502 sis
415 4450 511 4506 Gertz:
532 4453 636 4504 uideatis
726 4451 759 4506 24
779 4459 881 4519 apparet
900 4448 1049 4506 Erasmus:
1071 4456 1191 4519 appareat
