3046 5092
246 326 310 386 26ss
395 322 475 364 DlAL.
490 321 529 364 XI.
558 321 599 361 AD
616 321 750 362 HELVIAM
768 321 896 361 MATREM
913 323 952 362 DE
967 322 1209 366 CONSOLATIONE.
1240 326 1271 367 lb.
1289 326 1321 366 lt.

246 469 355 531 intueri
389 467 477 530 uoles
508 467 653 544 seminas,
684 490 763 550 quas
794 477 964 550 conspecta
994 470 1092 532 uirtus
1122 471 1203 531 inter
1226 491 1363 551 magnos
1386 471 1470 533 uiros

244 576 355 657 posuit.
389 574 567 638 Corneliam
592 595 633 636 ex
657 576 825 638 duodecim
849 575 952 637 liberis
976 577 1017 637 ad
1040 575 1121 638 duos
1144 575 1268 638 fortuna
1291 578 1469 657 redegerat.

244 683 269 745 si
292 703 458 744 numerare
480 681 588 744 lunera
605 681 768 745 Corneliae
792 682 896 757 uelleS,
920 664 1066 744 amiserat
1090 684 1218 745 decem:
1245 685 1270 745 si
1294 684 1470 759 aestimare,

244 789 391 851 amiserat
423 788 593 851 Gracchos.
648 789 794 851 flentibus
832 799 940 852 tamen
979 790 1059 851 circa
1089 810 1123 851 se
1154 799 1185 852 et
1216 791 1314 852 latum
1348 793 1477 854 saeuius

218 897 465 958 rexecrantibus
496 897 671 971 interdixit,
703 917 744 958 ne
774 895 931 957 fortunam
963 906 1162 972 accusarent,
1194 918 1276 979 quae
1307 898 1367 960 sibi
1390 897 1481 960 filios

245 1002 408 1065 Gracchos
439 1001 617 1065 ademisset.
663 1023 704 1064 ex
736 1003 796 1065 hac
824 1003 940 1064 semina
962 1003 1072 1064 debuit
1095 1004 1195 1077 nasci,
1219 1005 1271 1086 qui
1296 1005 1418 1067 diceret
1442 1006 1486 1067 in

245 1093 410 1171 contione:
453 1119 486 1168 tu
517 1109 619 1169 matri
648 1129 736 1170 meae
767 1108 960 1186 maledicas,
993 1130 1075 1189 quae
1105 1130 1155 1170 me
1178 1111 1330 1190 peperit)
1363 1111 1482 1174 'multo

245 1216 319 1278 mihi
363 1237 428 1278 uox
473 1217 582 1278 matris
625 1216 747 1278 uidetur
785 1216 975 1279 animosior:
1017 1216 1097 1279 iilius
1120 1215 1253 1297 ‚magno
1292 1219 1486 1281 aestimauit:

246 1323 461 1385 Gracchorum
485 1323 614 1397 nataleS,
638 1333 739 1385 mater
763 1333 795 1384 et
818 1322 932 1385 funera.
968 1323 1084 1386 Rutilia
1100 1323 1229 1386 Cottam
1245 1323 1344 1386 filium
1361 1334 1479 1387 secuta

207 1440 230 1479 ¹⁰
244 1439 293 1492 est
325 1431 354 1491 in
386 1429 512 1491 exilium
545 1439 575 1491 et
608 1450 707 1510 usque
731 1451 769 1492 eo
793 1429 850 1492 luit
872 1429 1065 1510 indulgentia
1088 1416 1271 1505 constricta,
1303 1440 1339 1493 ut
1363 1431 1478 1496 mallet

244 1536 372 1598 exilium
404 1537 468 1617 pati
499 1557 593 1617 quam
626 1536 832 1611 desiderium,
864 1557 922 1599 nec
952 1546 1025 1599 ante
1056 1537 1087 1597 in
1119 1536 1251 1617 patriam
1275 1557 1373 1619 quam
1398 1558 1472 1600 cum

244 1642 306 1704 filio
337 1644 437 1705 rediit.
484 1644 624 1706 eundem
653 1644 714 1705 iam
747 1645 895 1706 reducem
920 1653 952 1705 et
975 1644 1005 1705 in
1029 1643 1188 1734 republica
1212 1643 1379 1721 florentem
1404 1654 1468 1707 tam

244 1749 366 1813 sortiter
389 1752 492 1812 amisit
515 1770 610 1831 quam
634 1760 743 1812 secuta
766 1760 822 1814 est.
868 1771 927 1812 nec
950 1753 1115 1832 quisquam
1139 1751 1282 1813 lacrimas
1306 1752 1373 1813 eius
1397 1761 1467 1833 post

244 1856 361 1919 elatum
392 1857 488 1920 tilium
519 1858 648 1919 notauit.
695 1853 725 1918 in
757 1857 891 1938 expulso
921 1859 1075 1920 uirtutem·
1100 1859 1255 1933 ostendit,
1285 1859 1317 1919 in
1352 1859 1466 1921 amisso

208 1974 229 2013 ¹⁵
244 1965 461 2045 prudentiam:
501 1985 575 2026 nam
606 1973 638 2025 et
669 1963 742 2025 nihil
774 1963 857 2025 illam
889 1984 908 2025 a
938 1966 1056 2046 pietate
1088 1964 1238 2025 determit
1269 1973 1300 2026 et
1333 1964 1409 2026 nihil
1439 1967 1466 2028 in

244 2072 366 2133 tristitia
388 2092 581 2152 superuacua
603 2071 760 2152 stultaque
785 2071 923 2133 detinuit.
956 2092 1027 2133 cum
1051 2071 1099 2133 his
1122 2080 1154 2133 te
1175 2072 1332 2134 numerari
1349 2062 1466 2134 leminis

222 2176 338 2239 uolo:
371 2198 503 2258 quarum
527 2179 624 2240 uitam
648 2198 775 2260 semper
797 2178 919 2241 imitata
942 2199 984 2252 es,
1009 2197 1115 2239 earum
1139 2179 1170 2239 in
1193 2180 1371 2240 coercenda
1395 2199 1464 2241 con-

244 2265 481 2365 primendaquev
494 2285 689 2364 aegritudine
712 2271 833 2367 optime
856 2286 994 2366 sequeris
1018 2284 1210 2365 exemplum.

334 2390 436 2452 XVII.
475 2391 547 2454 Scio
571 2413 638 2454 rem
662 2413 726 2454 non
750 2413 820 2454 esse
842 2393 873 2453 in
896 2400 1004 2454 nostra
1026 2402 1186 2473 potestate
1209 2412 1268 2453 nec
1290 2391 1389 2454 ullum
1414 2394 1496 2455 adt

186 2507 229 2546 -2‘0
244 2497 359 2559 sectum
382 2499 513 2573 seruire,
545 2499 672 2560 minime
696 2520 771 2561 uero
795 2520 884 2574 eum,
908 2500 961 2579 qui
985 2519 1026 2559 ex
1051 2499 1163 2561 dolore
1186 2500 1329 2561 nascitur.
1377 2498 1468 2561 ferox

245 2606 326 2666 enim
352 2615 384 2668 et
407 2605 558 2667 aduersus
582 2625 678 2667 omne
702 2604 876 2667 remedium
901 2615 1075 2668 contumax
1094 2614 1149 2672 est.
1183 2605 1329 2667 uolumus
1346 2607 1469 2668 interim

244 2710 329 2772 illum
353 2713 488 2773 obruere
512 2720 544 2772 et
568 2712 721 2774 deuorare
745 2713 899 2792 gemitus:
932 2732 988 2792 per
1011 2713 1113 2794 ipsum
1137 2721 1244 2774 tamen
1268 2715 1469 2794 conpositum

244 2816 416 2900 fictumque
447 2818 569 2880 uoltum
601 2818 748 2881 lacrimae
778 2818 1015 2900 profunduntur.
1062 2818 1142 2880 ludis
1173 2819 1380 2881 interim'aut
1405 2819 1469 2900 gla-

217 2907 219 2914 ¹
246 2925 418 2987 diatoribus
442 2926 582 2987 animum
606 2945 816 3006 occupamus:
843 2907 875 2987 at
900 2925 984 2987 illum
1008 2926 1088 2987 inter
1111 2926 1192 3007 ipsa,
1216 2925 1330 3006 quibus
1354 2946 1468 2988 auoca-

204 3043 229 3082 ‘25
244 3041 310 3106 tur,
341 3032 522 3113 spectacula
552 3031 630 3093 leuis
662 3032 764 3112 aliqua
794 3032 939 3122 desiderii
970 3040 1046 3093 nota
1076 3032 1203 3094 subruit.
1255 3031 1327 3094 ideo
1359 3032 1502 3095 melius2

244 3148 293 3200 est
323 3140 447 3200 uincere
478 3138 562 3200 illurn
595 3159 690 3219 quam
715 3138 829 3200 lallere.
867 3160 949 3201 *nam
973 3140 1025 3220 qui
1048 3138 1174 3200 delusus
1198 3147 1230 3200 et
1254 3130 1470 3220 uoluptatibus

244 3256 297 3308 aut
328 3245 585 3326 occupationibus
617 3246 772 3307 abductus
800 3255 864 3321 est,
896 3246 1029 3325 resurgit
1052 3255 1084 3307 et
1107 3249 1176 3326 ipsa
1198 3246 1303 3326 quiete
1325 3247 1468 3327 inpetum

244 3353 285 3414 ad
317 3353 526 3414 saeuiendum
551 3352 698 3432 conligit:
732 3363 765 3414 at
789 3353 928 3433 quisquis
951 3352 1072 3414 rationi.
1086 3353 1201 3427 cessit,
1224 3353 1255 3413 in
1278 3363 1468 3442 perpetuum

245 3459 440 3539 conponitur.
487 3480 551 3521 non
582 3480 651 3535 sum
683 3461 788 3539 itaque
818 3460 874 3520 tibi
905 3458 957 3520 illa
980 3467 1225 3533 monstraturus,
1257 3458 1370 3540 quibus
1395 3480 1468 3522 usos

109 3632 112 3638 ,
204 3577 230 3617 ³0
245 3585 315 3626 esse
353 3565 470 3627 multos
508 3565 589 3639 scio,
629 3556 669 3626 ut'
692 3565 951 3647 peregrinatione
973 3574 1006 3626 te
1037 3565 1086 3626 uel
1117 3565 1214 3646 longa
1244 3567 1387 3628 detineas
1419 3565 1467 3627 uel

246 3860 387 3936 lseminas
406 3884 426 3950 (s
445 3899 478 3935 m.
492 3882 552 3953 pr.)
643 3883 793 3936 3estimare
882 3884 998 3935 ilatum
1017 3872 1114 3933 saeuius
1131 3881 1220 3937 Koch:
1242 3885 1318 3934 satum
1338 3875 1362 3951 ei

245 3974 260 4027 6
280 3976 410 4025 ademisset
426 3971 578 4026 Bentleius:
600 3973 706 4023 dedisset
795 3973 811 4026 8
831 3975 968 4023 aestimauit
982 3972 1090 4026 Haase:
1112 3974 1235 4023 estimabit
1248 3972 1308 4027 cod.
1322 3975 1466 4025 aestimabat

244 4116 308 4171 dett.
402 4117 433 4169 10
452 4060 527 4165 malet
546 4115 565 4183 (l
577 4130 721 4186 suprascr.
738 4132 771 4170 m.
780 4131 827 4184 pr.
842 4121 871 4168 ut
884 4114 1004 4182 uidetur)
1104 4094 1238 4169 tl‘cufino
1330 4116 1363 4170 12
1383 4119 1464 4169 .R.P.

335 4258 366 4310 13
385 4217 499 4324 pitelatu
519 4260 540 4325 (s
554 4275 586 4310 m.
598 4260 654 4328 pr.)
746 4257 779 4310 15
798 4259 856 4307 nich
868 4259 912 4308 illu
926 4258 962 4323 (in
976 4260 1042 4322 ras.)
1138 4259 1168 4312 16
1180 4260 1228 4323 ,Cu
1241 4260 1280 4308 his
1299 4266 1322 4308 te
1342 4259 1379 4326 (in
1399 4259 1463 4321 ras.)

332 4347 366 4400 22
392 4351 510 4413 copositu
619 4348 652 4400 26
677 4349 717 4413 qui
737 4348 832 4397 delusus
851 4354 873 4396 et
893 4345 1055 4401 deteriores:
1076 4349 1163 4414 qdelus
1182 4355 1206 4398 et
1224 4346 1244 4416 (t
1263 4346 1361 4411 deleta)

157 4459 159 4463 ·
244 4436 278 4489 27
298 4439 393 4501 impero
417 4482 423 4491 ,
483 4435 517 4490 28
542 4439 694 4488 adseuiendt’t
717 4464 719 4468 ·
785 4436 818 4489 29
844 4437 980 4503 componis
