3046 5092
88 396 91 402 ⁸
124 338 156 378 1v
489 340 658 383 PRAEFATIO
673 341 823 383 IOHANNIS
838 343 981 386 VAHLENl.

125 482 345 547 Ambrosiano
378 506 415 546 ea
446 487 567 548 ratione
597 507 670 548 usus
701 497 784 561 erat,
815 509 896 570 quae
926 490 984 569 ipsi
1011 490 1156 570 quidem,
1189 493 1358 574 praecipue

125 599 242 660 recenti
267 620 286 660 a
308 600 509 682 pervolutato
540 602 665 677 codice,
697 601 875 665 satisfacere
905 614 1031 684 posset,
1071 608 1129 667 sed
1158 608 1211 687 qui
1242 616 1360 688 postea

124 716 302 789 accederet,
326 735 399 776 eum
422 737 487 778 non
509 726 619 798 posset
643 737 705 778 non
730 716 957 780 molestissimis
982 720 1231 784 dubitationibus
1255 723 1358 804 impe·

124 829 199 890 dire.
247 829 340 910 Quae
372 852 444 892 cum
475 833 519 893 ita
550 841 669 907 essent,
700 832 838 896 intellexi
868 833 1010 896 laborem
1034 814 1109 897 mihi
1133 836 1358 919 multo·quam

124 955 330 1027 expectaram
354 945 541 1027 ampliorem
564 957 672 1028 natum
689 949 928 1031 impensamque
943 952 1095 1031 temporis
1112 954 1234 1032 requiri,
1257 975 1357 1035 quam

123 1059 197 1120 mihi
230 1063 307 1122 meis
339 1062 474 1140 negotiis
497 1082 562 1123 non
585 1061 705 1142 vulgari
730 1065 828 1125 modo
852 1065 1020 1145 negotioso
1044 1066 1075 1125 in
1099 1067 1226 1144 edendo
1250 1067 1356 1131 alieno

121 1173 202 1236 libro
227 1173 331 1237 facere
355 1197 449 1256 aegre
474 1167 658 1239 concessum
683 1187 758 1240 erat.
807 1180 931 1241 Tamen
962 1179 1059 1241 fidem
1084 1182 1238 1243 amicitiae
1263 1185 1353 1245 dese-

122 1310 191 1351 rere
214 1290 299 1352 nolui
323 1312 478 1374 spemque
500 1294 618 1354 irritam
634 1295 767 1355 reddere
783 1315 879 1375 quam
896 1296 962 1375 ipse
979 1295 1122 1357 Kochius
1139 1277 1212 1357 ante
1229 1297 1354 1359 obitum

121 1415 319 1487 conceperat,
343 1408 368 1467 si
391 1408 432 1468 ab
457 1408 604 1470 inchoato
629 1429 724 1490 opere
746 1410 973 1472 discedendum
990 1419 1083 1484 esset,
1106 1409 1172 1472 fore
1189 1423 1223 1473 ut
1238 1411 1354 1474 librum

121 1519 236 1580 orbum
268 1541 331 1601 ego
363 1541 468 1582 meam
499 1524 529 1583 in
559 1522 690 1584 tutelam
721 1510 931 1604 susciperem,
972 1546 1009 1586 ac
1045 1525 1195 1587 dolebam
1227 1536 1352 1589 tantum

120 1655 213 1696 curae
236 1656 274 1697 ac
297 1636 476 1717 diligentiae
498 1639 529 1698 in
552 1640 754 1700 emendando
772 1639 834 1701 hoc
849 1640 1003 1720 scriptore
1020 1650 1182 1722 sumptum
1199 1640 1352 1703 oblivioni

120 1752 188 1812 dari
212 1762 243 1813 et
268 1753 492 1815 infructuosum
516 1755 625 1828 iacere,
649 1755 701 1835 qui
724 1756 908 1836 praesertim
931 1754 1017 1817 haud
1039 1756 1229 1836 ignorarem,
1253 1777 1352 1838 quam

119 1874 245 1929 strenue
267 1888 304 1929 ac
319 1889 421 1949 paene
436 1868 555 1931 fervide
570 1869 713 1932 Kochius
729 1873 880 1932 extremis
897 1873 981 1934 vitae
997 1872 1085 1933 annis
1101 1882 1352 1951 aggravescente

118 1981 181 2042 iam
214 1983 328 2044 morbo
360 1983 391 2044 id
416 2005 546 2066 operam
571 1986 728 2060 dedisset,
761 1994 795 2047 ut
819 1984 941 2048 Seneca
963 1987 1091 2064 quidem
1116 1987 1294 2047 studiorum
1320 1997 1352 2050 et

118 2097 233 2176 ingenii
255 2097 301 2158 sui
319 2099 546 2160 documentum
563 2107 688 2160 extaret
703 2119 767 2160 non
783 2100 962 2178 indignum;
989 2098 1206 2160 emolumenta
1221 2120 1352 2182 quoque

119 2212 307 2292 reputabam
332 2233 414 2294 quae
437 2234 479 2274 ex
503 2214 589 2275 edito
613 2213 693 2275 libro
717 2215 758 2275 ad
781 2213 964 2294 superstites
990 2215 1055 2274 eius
1071 2214 1209 2274 reditura
1225 2225 1349 2290 essent,

119 2330 322 2408 maximeque
359 2327 533 2409 intelligere
562 2327 708 2402 videbar,
748 2328 888 2389 adhibita
919 2349 1014 2390 manu
1047 2329 1223 2389 correctrici
1253 2350 1352 2409 posse

118 2442 192 2521 fieri,
217 2452 251 2504 ut
274 2442 353 2504 hae'c
377 2444 481 2519 editi0,
504 2463 585 2523 quae
600 2442 806 2504 Ambrosiani
830 2442 1020 2525 exemplaris
1043 2444 1223 2503 testimonia
1247 2443 1350 2521 multo

111 2579 213 2639 ¹quam
248 2566 322 2620 ante
352 2557 472 2639 plenius
503 2568 535 2620 et
566 2559 739 2620 accuratius
770 2560 943 2640 perscripta
974 2568 1096 2619 teneret
1127 2559 1350 2639 scriptorisque

118 2674 295 2736 orationem
328 2695 392 2735 non
423 2694 494 2735 raro
519 2674 705 2735 dubitationi
728 2674 904 2736 obnoxiam
931 2674 1008 2734 scite
1032 2672 1170 2734 collectis
1195 2673 1351 2754 exemplis

119 2789 310 2864 declararet,
346 2790 394 2850 his
427 2790 657 2870 cognoscendis
688 2800 720 2851 et
752 2789 964 2871 perpoliendis
995 2787 1136 2851 Senecae
1169 2788 1253 2848 libris
1284 2808 1350 2848 non

116 2903 227 2966 leviter
257 2906 433 2986 prodesset.
480 2905 590 2986 ltaque
620 2916 764 2987 paratum
797 2914 829 2966 et
861 2904 1074 2984 compositum
1104 2902 1272 2964 aKochio
1304 2905 1348 2964 in-

117 3029 328 3082 strumentum
360 3022 501 3083 criticum
529 3021 706 3082 ordinando
730 3021 903 3082 recidendo
926 3018 1075 3080 addendo
1099 3019 1139 3078 ad
1163 3017 1350 3079 habiliorem
1394 3053 1396 3061 ·

117 3137 276 3210 formam,
293 3146 327 3197 ut
350 3136 452 3218 potui,
476 3137 620 3216 redigere
642 3136 765 3197 studui:
792 3143 824 3195 et
846 3135 998 3214 imprimis
1022 3133 1149 3213 quidem
1175 3132 1274 3193 ordini
1291 3153 1350 3192 no·

117 3262 230 3325 tarum,
256 3252 341 3312 cuius
365 3272 482 3331 magna
504 3253 550 3312 vis
574 3262 622 3312 est
645 3253 675 3311 in
691 3249 739 3310 his
756 3247 1024 3310 commentariolis
1041 3249 1175 3320 minutis,
1201 3247 1350 3322 consului,

117 3369 212 3429 recidi
244 3379 350 3428 autem
379 3366 557 3449 quisquilias
589 3363 703 3426 multas
738 3365 889 3425 ecodiee
919 3372 1079 3437 enotatas,
1112 3383 1245 3443 quarum
1270 3363 1349 3423 utili·

117 3494 218 3544 tatem
243 3482 360 3544 nullam
385 3483 581 3564 dispicerem,
605 3482 772 3560 praecipue
795 3479 950 3540 nonnullis
974 3479 1130 3540 scribendi
1155 3487 1210 3538 aut
1225 3480 1350 3539 errandi

116 3600 285 3680 generibus
309 3601 339 3660 in
363 3599 422 3673 illa,
446 3619 541 3679 quam
566 3597 645 3658 libro
661 3617 718 3658 suo
741 3595 979 3676 praefigendam
997 3596 1101 3655 editor
1116 3595 1349 3674 perscripserat,

117 3716 158 3776 de
183 3716 293 3776 codice
317 3714 545 3775 Mediolanensi
569 3714 847 3783 commentatione,
870 3713 1052 3772 summatim
1082 3711 1282 3790 disceptatis3
1319 3719 1351 3770 et

116 3841 225 3893 tamen
251 3831 301 3891 vel
325 3831 368 3891 sic
392 3829 621 3890 multarelicta
644 3836 729 3902 sunt,
754 3847 836 3909 quae
859 3829 883 3888 si
908 3847 956 3888 res
980 3826 1073 3907 plane
1096 3827 1218 3904 integra
1241 3821 1351 3884 suisset

116 3955 170 4006 aut
196 3945 272 4007 mihi
296 3947 374 4007 meis
397 3944 570 4007 rationibus
594 3945 843 4024 omninoagere
866 3942 1010 4016 licuisset,
1034 3939 1130 4001 nihilo
1152 3942 1252 4019 magis
1268 3937 1348 4000 tole-

116 4062 286 4143 ravissem3
314 4064 371 4123 sed
393 4061 529 4137 ¹modum
553 4060 738 4142 imponebat
761 4061 849 4138 quod
872 4058 943 4119 illae
958 4066 1109 4139 quattuor
1125 4055 1270 4136 plagulae
1286 4056 1350 4114 iam

115 4177 201 4256 typis
235 4197 407 4259 expressae
438 4187 542 4250 erant,
574 4175 633 4236 alia
663 4174 919 4253 subterfugemnt
951 4171 1201 4251 imprudentem,
1232 4177 1286 4230 aut
1310 4189 1351 4229 ne

116 4292 227 4353 nimius
252 4313 355 4353 essem
380 4304 414 4385 ut
437 4291 472 4352 tit
496 4312 568 4352 cum
586 4289 683 4351 multa
700 4289 839 4351 delerem
855 4287 1005 4349 nonnulla
1021 4306 1085 4346 non
1102 4286 1188 4346 movi
1204 4287 1351 4364 quamvis

115 4427 179 4467 non
214 4408 345 4467 meliore
376 4409 441 4468 iure
472 4407 537 4467 aliis
569 4405 674 4467 locum
705 4406 892 4467 obtinerent.
939 4403 1084 4482 Denique
1114 4421 1178 4461 non
1210 4402 1253 4461 ita
1277 4421 1351 4461 raro
