3046 5092
312 316 393 358 DlAL.
404 315 453 360 Vll.
480 317 523 358 AD
538 315 715 359 GALLIONEM
729 317 770 358 DE
784 316 855 357 VITA
869 319 977 361 ΒΕΑΤΑ.
1006 321 1026 361 9.
1042 321 1074 362 10.
1244 325 1305 388 163

80 472 146 526 tem
175 470 375 545 praestatura
396 461 494 525 uirtus
519 472 582 539 est,
614 463 687 525 ideo
710 472 841 546 propter
864 463 945 525 hanc
967 465 1092 546 petitur.
1138 486 1202 527 non
1226 467 1309 527 enim

80 571 162 634 hanc
192 577 350 654 praestat,
380 571 438 632 sed
469 579 501 631 et
531 569 628 645 hanc,
659 590 717 632 nec
747 570 819 632 huic
848 569 987 647 laborat,
1025 573 1083 633 sed
1113 570 1204 633 labor
1236 573 1310 647 eiuS,

53 679 226 759 2quamuis
249 675 330 739 aliud
355 685 451 758 petat,
475 676 537 738 hoc
560 695 688 758 quoque
712 678 912 758 adsequetur.
958 679 1036 740 sicut
1059 678 1090 740 in
1114 699 1199 753 aru0,
1222 680 1309 760 quod

81 785 182 866 segeti
204 785 396 866 proscissum
420 793 476 858 est,
500 783 593 866 aliqui
616 782 710 846 flores
734 784 998 860 intemascuntur,
1022 806 1087 846 non
1110 795 1217 848 tamen
1240 785 1311 847 huic

81 891 248 966 herbulae,
279 891 422 972 quamuis
446 890 584 953 delectet
614 891 739 963 oculos,
770 899 894 953 tantum
919 892 1022 972 operis
1046 892 1238 973 insumptum
1263 902 1311 954 est
1326 909 1359 977 ⁵,

82 1035 122 1042 -
149 997 233 1060 aliud
263 996 319 1059 fuit
349 997 464 1059 serenti
494 997 709 1078 propositum,
740 997 802 1059 hoc
829 1001 1073 1079 superuenit-
1098 999 1141 1060 sic
1164 997 1311 1082 uoluptas

81 1125 146 1166 non
170 1113 220 1166 est
243 1124 364 1166 merces
387 1124 447 1165 nec
470 1123 563 1164 causa
586 1102 714 1178 uirtutis,
737 1104 796 1165 sed
818 1105 965 1180 accessio,
990 1125 1048 1166 nec
1071 1106 1143 1186 quia
1164 1105 1311 1181 delectat,

46 1219 69 1281 3
82 1211 196 1293 placet,
220 1211 277 1273 sed
300 1211 325 1272 si
348 1208 461 1292 placet,
485 1219 517 1271 et
542 1209 686 1273 delectat.
709 1192 728 1251 s
726 1231 884 1274 summum
908 1212 1028 1275 bonum
1052 1213 1082 1273 in
1105 1213 1174 1293 ipso
1198 1213 1312 1274 iudicio
1359 1241 1374 1254 -

28 1354 33 1361 ·
82 1327 130 1381 est
162 1328 195 1380 et
219 1317 328 1379 habitu
351 1318 490 1398 optimae
514 1318 644 1392 mentis,
676 1338 852 1398 quaecum
876 1339 992 1379 ritanus
1014 1340 1105 1381 suum
1128 1319 1257 1399 inpleuit
1280 1330 1312 1382 et

81 1425 195 1488 finibus
231 1411 277 1486 se¹
295 1425 357 1486 suis
390 1425 504 1500 cinxit,
544 1433 800 1486 consummatum
832 1434 879 1487 est
910 1446 1070 1488 summum
1101 1427 1221 1488 bonum
1253 1448 1312 1487 nec
1329 1444 1353 1483 ιο

82 1532 251 1614 quicquam
275 1531 408 1613 amplius
425 1532 591 1594 desiderat.
630 1530 704 1593 nihil
721 1533 803 1593 enim
820 1541 912 1594 extra
929 1541 1033 1595 totum
1050 1541 1107 1608 est,
1130 1555 1195 1595 non
1212 1534 1313 1614 magis

42 1648 179 1719 4quam
212 1637 292 1702 ultra
322 1638 426 1701 finem.
473 1640 578 1720 itaque
609 1659 710 1720 erras,
742 1658 814 1700 cum
845 1641 1038 1721 interrogas,
1069 1641 1143 1723 quid
1167 1643 1207 1702 sit
1229 1640 1312 1715 illud,
1357 1714 1359 1719 ‚

82 1753 215 1827 propter
237 1748 324 1827 quod
346 1747 493 1807 uirtutem
509 1753 637 1826 petam:
664 1748 787 1827 quaeris
803 1747 886 1808 enim
903 1745 1018 1828 aliquid
1034 1740 1129 1830 supra
1144 1733 1312 1809 summum.

84 1853 271 1934 interrogas,
295 1853 371 1933 quid
394 1861 502 1933 petam
518 1872 561 1914 ex
574 1853 712 1915 uirtute?
743 1853 852 1934 ipsam.
891 1852 966 1914 nihil
982 1857 1065 1916 enim
1081 1853 1179 1917 habet
1195 1854 1313 1929 melius,

83 1962 150 2042 ipsa
180 1959 316 2042 pretium
347 1959 401 2021 sui.
448 1981 488 2020 an
518 1959 580 2021 hoc
607 1979 718 2041 parum
742 1968 981 2047 magnumlest,
1012 1981 1085 2022 cum
1108 1960 1164 2023 tibi
1188 1961 1310 2022 dicam:
1332 1978 1354 2017 15

84 2088 244 2129 summum
276 2066 396 2128 bonum
421 2075 469 2127 est
492 2064 638 2147 infragilis
662 2069 758 2128 animi
781 2067 866 2147 rigor
888 2075 920 2129 et
943 2069 1141 2149 prouidentia
1164 2077 1196 2129 et
1219 2067 1312 2129 subli-

84 2177 178 2236 mitas
202 2182 234 2235 et
257 2174 373 2235 sanitas
389 2184 421 2236 et
436 2172 564 2235 libertas
581 2182 612 2235 et
628 2174 798 2235 concordia
814 2181 846 2235 et
863 2175 980 2236 decor?
1004 2174 1120 2256 aliquid
1136 2176 1314 2237 etiamnunc

84 2270 190 2362 exigis
203 2283 311 2355 maius,
324 2281 366 2343 ad
382 2281 471 2361 quod
486 2280 546 2342 ista
558 2279 746 2343 referantur?
763 2282 839 2362 quid
853 2281 927 2343 mihi
940 2280 1137 2364 uoluptatem
1152 2283 1313 2344 nominas?

84 2379 220 2450 hominis
235 2386 356 2449 bonum
372 2408 498 2470 quaero,
512 2407 575 2450 non
592 2388 716 2462 uentris,
733 2388 785 2468 qui
801 2387 975 2468 pecudibus
991 2409 1029 2450 ac
1040 2388 1139 2450 beluis
1147 2389 1249 2451 laxior
1258 2397 1313 2451 est.

53 2507 66 2558 1
174 2495 214 2556 X.
259 2493 461 2569 Dissimulas,
493 2494 607 2575 inquit,
640 2495 715 2575 quid
743 2514 837 2556 ame
862 2495 990 2557 dicatur.
1019 2496 1099 2577 'ego
1123 2496 1204 2557 enim
1229 2517 1313 2577 nego
1329 2510 1355 2551 20

84 2621 279 2685 quemquam
302 2621 398 2683 posse
421 2601 554 2664 iucunde
577 2603 690 2677 uiuere,
714 2602 770 2664 nisi
793 2602 885 2663 simul
908 2609 940 2664 et
960 2601 1094 2664 honeste
1110 2603 1195 2664 uiuit.
1226 2604 1314 2683 quod

84 2730 149 2772 non
185 2717 293 2791 potest
328 2710 421 2771 mutis
452 2710 636 2789 contingere
666 2707 848 2771 animalibus
879 2730 938 2771 nec
969 2709 1088 2771 bonum
1120 2729 1211 2771 suum
1242 2710 1314 2772 cibo

85 2816 296 2879 metientibus.
342 2815 433 2888 clare,
456 2816 562 2896 inquit,
586 2836 623 2878 ac
646 2814 751 2898 palam
774 2816 979 2879 testor‘hanc
1003 2816 1108 2893 uitam,
1132 2837 1227 2898 quam
1252 2837 1315 2897 ego

52 2924 255 2986 2iucundam
286 2943 384 2998 uoco,
414 2944 480 2984 non
510 2923 566 2985 nisi
597 2923 721 2985 adiecta
751 2923 866 2986 uirtute
896 2924 1087 3005 contingere.
1134 2926 1219 3005 atqui
1247 2924 1315 3005 quis

84 3033 212 3111 ignorat
242 3029 442 3111 plenissimos
465 3050 534 3092 esse
558 3028 771 3112 uoluptatibus
796 3031 906 3092 uestris
930 3029 1131 3092 stultissimos
1154 3035 1315 3112 quosque?
1330 3043 1356 3085 25

84 3144 117 3199 et
141 3137 311 3218 nequitiam
334 3136 496 3199 abundare
520 3137 660 3199 iucundis
676 3137 880 3218 animumque
895 3137 997 3217 ipsum
1014 3157 1131 3218 genera
1146 3138 1316 3219 uoluptatis

86 3457 101 3509 1
127 3461 287 3523 prestatura*
395 3456 412 3509 4
436 3457 585 3523 proscissum
603 3453 769 3509 deteriores:
796 3457 933 3521 procissum
1042 3456 1056 3508 5
1081 3463 1116 3508 est
1136 3486 1169 3494 —
1189 3459 1317 3513 aliud...

85 3547 225 3612 superuenit
244 3574 278 3583 -
297 3547 347 3596 sic:
376 3544 617 3616 interpunctionem
642 3542 795 3598 emendarat
820 3541 903 3597 Gertz
927 3549 954 3598 et
977 3551 1039 3597 ante
1057 3561 1117 3599 eum
1135 3544 1271 3616 Forln'qer
1289 3546 1316 3599 in

85 3634 311 3705 interpretatione
335 3631 513 3689 Germanica:
540 3631 707 3704 uulqabatur
730 3639 772 3684 est.
801 3634 867 3684 aliud
960 3636 1112 3698 superuenit:
1138 3636 1173 3685 sic

85 3725 121 3774 sic
140 3724 255 3790 uoluptas
273 3721 378 3794 Neap.:
405 3725 426 3773 si
451 3741 506 3774 cum
530 3724 642 3788 uoluptas
667 3724 739 3792 (post
763 3723 876 3788 uoluptas
898 3720 1004 3792 aliquid
1026 3739 1134 3778 erasum
1159 3723 1208 3790 est)

85 3810 103 3864 8
129 3811 213 3877 inipso
304 3813 387 3879 lique
406 3816 448 3878 (ue
466 3812 494 3865 in
513 3815 579 3878 ras.)
671 3828 727 3860 cum
747 3829 833 3862 munus
858 3829 927 3861 suum
946 3810 1037 3866 Koch:
1063 3830 1118 3863 cum
1142 3829 1210 3863 suum

87 3900 121 3954 12
147 3904 182 3952 ita
208 3919 232 3967 q.
252 3919 299 3967 que
323 3900 380 3970 (que
404 3899 504 3955 lineola
522 3908 682 3954 transuersa
702 3897 829 3967 deletum)
929 3902 989 3950 illud
1008 3901 1027 3968 (t
1045 3901 1073 3954 iu
1092 3903 1109 3951 d
1127 3903 1211 3969 corr.)

88 3988 120 4042 13
141 3995 225 4056 petam
245 3991 272 4056 (p
291 3988 400 4044 uidetur
418 4005 476 4044 esse
495 3992 580 4056 corr.)
677 3990 769 4055 aliquid
796 3991 823 4055 (d
841 4005 879 4044 ex
898 3996 907 4039 t
926 3993 1009 4056 corr.)
1101 3991 1134 4044 14
1159 3991 1245 4041 melius
1263 3993 1317 4056 ipsa

88 4076 256 4133 deteriores:
283 4080 370 4130 melius
394 4086 436 4132 enl
455 4081 508 4146 ipsa
608 4078 642 4131 16
667 4079 805 4129 sublimitas
823 4077 935 4148 lipsius
954 4078 1001 4149 (cfi
1021 4083 1047 4144 4,
1066 4083 1081 4131 5
1101 4082 1168 4145 quies
1186 4074 1274 4130 mentis
1292 4081 1317 4128 in

88 4172 140 4218 tuto
160 4169 293 4219 conlocata
311 4175 334 4218 et
347 4167 509 4237 sublimitasl:
531 4168 653 4218 subtilitas
742 4167 776 4220 17
796 4168 889 4233 aliquid
903 4169 933 4234 (d
946 4182 1019 4221 corr.
1034 4183 1072 4222 ex
1084 4170 1104 4233 t)
1195 4168 1228 4221 19
1241 4184 1317 4239 quero

178 4255 213 4308 20
238 4258 316 4324 inquit
334 4260 355 4323 (t
373 4257 457 4325 cor'r.)
566 4256 598 4310 21
625 4257 732 4306 iocunde
751 4257 777 4322 (o
799 4258 883 4322 corr.)
986 4258 1044 4307 uiuit
1063 4254 1225 4311 deteriores:
1252 4260 1318 4307 uiuat

89 4345 116 4411 (a
135 4348 220 4409 1111.)
311 4345 346 4400 24
369 4348 501 4396 iocundam
522 4345 547 4412 (ο
567 4348 649 4410 corr.)
746 4346 860 4394 nonnisi
880 4342 1009 4415 Maduz'q:
1036 4363 1085 4395 non
1104 4347 1124 4395 si
1214 4345 1248 4399 2ss
1272 4349 1316 4396 ha·

89 4435 201 4486 bundare
292 4437 405 4486 iocundis
425 4440 451 4500 (o
469 4436 553 4500 corr.)

1047 4524 1103 4577 11*
