3046 5092
433 347 512 388 DIAL,
530 348 566 390 lV.
595 346 636 386 DE
651 346 702 387 IRA
718 345 772 388 LlB.
789 346 818 389 ll.
847 348 929 388 35.36.
1255 353 1295 414 83

63 495 190 574 eruptio
214 492 298 554 colla
321 493 487 553 distendet.
535 501 602 553 tum
627 501 713 554 artus
736 492 858 572 trepidi,
882 492 1039 572 inquietae
1058 513 1177 567 manus,
1201 495 1298 555 totius

24 601 209 680 tcorporis
233 599 402 660 fluctuatio.
449 603 574 679 qualem
597 599 680 660 intus
703 607 796 680 putas
820 618 889 659 esse
912 601 1062 673 animum,
1096 602 1180 661 cuius
1205 610 1298 663 extra

64 706 174 784 imago
207 717 272 766 tam
304 705 399 766 foeda
430 708 498 765 est?
538 713 658 784 quanto
689 703 730 766 illi
758 705 839 765 intra
861 713 972 784 pectus
1003 705 1169 767 terribilior
1192 706 1297 768 uoltus

64 820 123 885 est,
155 813 258 873 acrior
287 812 423 892 spirituS,
455 811 603 872 intentior
633 812 774 891 inpetuS,
813 820 959 891 rupturus
990 832 1024 873 se
1054 813 1110 873 nisi
1142 815 1295 894 eruperit?

28 935 42 983 u
64 916 175 998 quales
198 925 271 978 sunt
293 916 434 978 hostium
458 917 508 978 uel
531 916 666 979 ferarum
691 919 790 978 caede
814 919 1011 979 madentium
1028 929 1082 979 aut
1098 921 1139 980 ad
1163 921 1295 980 caedem
1325 946 1336 980 s

64 1025 207 1085 euntium
231 1025 416 1104 adspectus,
447 1023 552 1103 qualia
586 1032 702 1105 poetae
734 1022 852 1084 inferna
877 1036 1018 1085 monstra
1041 1025 1200 1086 finxerunt
1223 1025 1295 1091 sub·
1384 1015 1386 1018 ’

65 1132 168 1192 cincta
191 1128 390 1210 serpentibus
422 1139 454 1190 et
484 1130 579 1210 igneo
602 1117 835 1210 flatu‚'quales
859 1131 901 1191 ad
932 1130 1017 1192 bella
1040 1133 1210 1193 excitanda
1233 1133 1295 1193 dis.

65 1237 271 1316 cordiamque
294 1237 325 1296 in
348 1236 485 1317 populos
508 1237 710 1298 diuidendam
734 1256 910 1317 pacemque
930 1236 1131 1299 lacerandam
1156 1240 1295 1300 taeterri-

65 1362 139 1405 mae
162 1341 294 1403 inferum
316 1354 449 1404 exeunt:
476 1342 571 1403 talem
601 1342 693 1403 nobis
720 1344 798 1404 iram
822 1342 1001 1422 figuremus,
1025 1343 1156 1406 flamma
1180 1344 1297 1406 lumina

65 1449 216 1523 ardentia,
233 1448 323 1510 sibilo
341 1449 525 1530 mugituque
542 1461 573 1510 et
589 1450 709 1528 gemitu
726 1459 757 1510 et
773 1450 909 1510 stridore
925 1459 957 1511 et
973 1451 997 1511 si
1014 1471 1076 1532 qua
1098 1451 1146 1512 his
1169 1451 1296 1512 inuisior
1312 1469 1335 1512 ru

65 1575 133 1616 uox
165 1563 213 1615 est
251 1564 516 1636 perstrepentem,
553 1555 617 1616 tela
645 1551 751 1617 ‘manu
783 1565 915 1636 utraque
946 1558 1157 1636 quatientem,
1193 1578 1335 1645 neque-¹,

65 1661 149 1722 enim
173 1659 215 1721 illi
238 1681 272 1721 se
295 1671 404 1741 tegere
428 1682 520 1723 curae
544 1671 600 1736 est,
623 1673 749 1723 toruam
774 1672 999 1743 cruentamque
1023 1673 1055 1725 et
1079 1644 1294 1726 cicatricosam

66 1777 97 1828 et
120 1767 305 1829 uerberibus
321 1769 384 1829 suis
407 1767 543 1842 liuidam,
566 1769 705 1829 incessus
729 1769 843 1843 uesani,
868 1767 1014 1831 obfusam
1032 1769 1131 1830 multa
1154 1770 1293 1850 caligine,

65 1872 309 1948 incursitantem,
332 1883 510 1961 uastantem
526 1873 753 1955 fugantemque
769 1885 801 1936 et
823 1875 964 1936 omnium
987 1876 1062 1936 odio
1085 1874 1294 1951 laborantem,

39 1980 110 2042 'sui
142 1981 292 2054 maxime,
330 1982 355 2041 si
386 1979 475 2042 aliter
504 2001 620 2068 nocere
650 2001 715 2041 non
746 1982 855 2062 possit,
893 1977 1002 2056 terras,
1034 1983 1139 2055 maria,
1171 1981 1293 2049 caelum
1310 2001 1334 2041 rs

38 2101 154 2154 truere
179 2088 367 2167 cupientem,
390 2086 536 2147 infestam
560 2087 676 2167 pariter
699 2087 902 2168 inuisamque.
950 2086 1013 2161 uel,
1037 2089 1063 2149 si
1086 2090 1224 2162 uidetur,
1255 2089 1295 2149 sit

67 2192 164 2274 qualis
188 2194 273 2272 apud
299 2203 386 2253 uates
409 2202 536 2253 nostros
560 2202 616 2267 est,

278 2304 461 2374 sangvineum
486 2304 614 2376 quatiens
636 2302 738 2358 dextra
763 2303 885 2360 Bellona
900 2305 1063 2380 flagellum,
1104 2312 1105 2315 ’

279 2399 333 2473 qut
352 2393 439 2447 scissa
458 2392 586 2464 gaudens
609 2391 691 2447 uadit
712 2391 869 2448 Discordia
885 2389 982 2467 pallo,
1032 2398 1035 2403 '

66 2503 116 2555 aut
140 2495 166 2555 si
190 2515 253 2575 qua
277 2495 378 2574 magis
402 2495 469 2555 dira
492 2492 586 2555 facies
610 2494 784 2574 excogitari
808 2494 865 2556 diri
889 2494 1032 2557 adfectus
1055 2505 1170 2578 potest.
1308 2521 1334 2560 ro

38 2609 46 2659 1
150 2599 304 2662 XXXVI.
346 2599 561 2681 Quibusdam,
584 2609 618 2660 ut
634 2601 677 2661 ait
700 2598 838 2675 Sextius
861 2602 946 2663 iratis
967 2601 1084 2682 profuit
1107 2603 1293 2683 adspexisse

61 2707 234 2788 speculum.
287 2707 483 2788 perturbauit
521 2705 589 2767 illos
624 2714 713 2767 tanta
752 2708 885 2768 mutatio
924 2708 978 2769 sui.
1032 2707 1118 2769 uelut
1156 2709 1186 2769 in
1225 2729 1293 2770 rem

60 2821 263 2894 praesentem
295 2815 423 2874 adducti
452 2834 516 2873 non
554 2822 752 2893 agnouerunt
775 2833 818 2874 se.
865 2824 897 2875 et
928 2814 1113 2895 quantulum
1144 2835 1187 2876 ex
1218 2836 1294 2878 uera

24 2920 266 2982 2deformitate
296 2917 403 2999 im‘ago
435 2918 485 2980 illa
512 2918 640 2999 speculo
669 2939 852 3000 repercussa
891 2920 1068 2982 reddebat?
1115 2923 1237 2983 animus
1267 2923 1292 2984 si

59 3028 190 3089 ostendi
213 3036 245 3088 et
269 3028 294 3087 si
316 3028 347 3087 in
371 3025 433 3087 ulla
464 3027 595 3088 materia
621 3024 783 3108 perlucere
806 3035 931 3107 posset,
948 3027 1110 3115 'intuentis
1133 3049 1192 3089 nos
1215 3049 1289 3090 con·
1305 3054 1331 3094 rs

55 3133 207 3195 funderet
237 3141 305 3195 ater
337 3132 578 3213 maculosusque
610 3142 642 3194 et
673 3141 819 3194 aestuans
851 3141 882 3193 et
914 3133 1065 3194 distortus
1089 3143 1121 3195 et
1144 3135 1291 3196 tumidus.

55 3261 143 3302 nunc
168 3260 295 3320 quoque
318 3249 408 3301 tanta
431 3238 615 3301 deformitas
639 3240 703 3301 eius
734 3249 782 3301 est
814 3259 871 3321 per
895 3259 967 3301 ossa
991 3260 1163 3320 carnesque
1187 3252 1218 3301 et
1242 3250 1292 3303 tot

11 3347 278 3428 3inpedimenta
316 3346 487 3407 effluentis:
535 3346 611 3427 quid
650 3346 675 3406 si
713 3347 815 3407 nudus
861 3347 1101 3408 ostenderetur?
1162 3347 1291 3428 speculo

55 3454 191 3535 quidem
214 3452 373 3514 neminem
398 3454 582 3514 deterritum
606 3452 647 3514 ab
672 3453 715 3514 ira
739 3452 927 3513 credideris:
953 3454 1029 3534 quid
1053 3457 1149 3533 ergo?
1174 3455 1226 3534 qui
1249 3456 1291 3516 ad

56 3559 223 3642 speculum
240 3569 377 3633 uenerat,
394 3568 428 3620 ut
443 3579 477 3620 se
494 3568 638 3634 mutaret,
659 3560 721 3620 iam
739 3568 925 3620 mutauerat.
961 3560 1045 3621 iratis
1061 3547 1191 3641 quidem
1208 3559 1331 3623 nullasu

57 3679 109 3728 est
132 3665 304 3727 formosior
320 3664 440 3745 effigies
463 3685 559 3745 quam
583 3676 678 3726 atrox
703 3674 735 3726 et
757 3664 887 3726 horrida
908 3664 1077 3746 qualesque
1102 3687 1170 3727 esse
1192 3668 1289 3728 etiam

60 3837 144 3892 ‘leui'
166 3849 233 3889 extra
253 3837 278 3906 (i'
299 3848 365 3889 extra
385 3841 411 3890 r'n
431 3841 498 3906 ras.)
582 3840 694 3891 3uultus
773 3840 913 3904 limpetus
991 3858 1017 3890 se
1030 3830 1057 3888 ns
1079 3842 1116 3908 (fn
1135 3845 1202 3908 ras.)

61 3930 139 3981 baut
158 3931 191 3978 ad
211 3931 229 3995 (t
249 3931 281 3977 ad
300 3930 384 3994 corr.)
458 3928 566 3992 bpoete
585 3929 622 3989 (in
643 3928 710 3992 ras.)
784 3930 909 3978 succincta
982 3929 1089 3994 lqualis
1161 3929 1289 3982 Steterri·

61 4036 118 4067 mae
137 4016 230 4070 Haase
238 4021 249 4066 τ’
267 4019 396 4066 deterrime
416 4015 475 4069 cod.
495 4018 557 4065 deae
575 4019 729 4065 taeterrimae
750 4014 831 4069 Gertz
936 4016 968 4070 13
988 4019 1084 4080 uesanis
1185 4019 1289 4067 offusam

63 4109 93 4171 (ff
109 4107 136 4158 in
157 4107 225 4172 rus.)
301 4106 332 4157 15
352 4108 453 4155 marian
478 4106 499 4169 (s
518 4104 638 4167 erusmn)
713 4105 744 4157 17
764 4113 823 4170 aput
895 4105 929 4157 21)
949 4108 1048 4155 affectus
1069 4106 1158 4175 (prior
1177 4108 1189 4153 f
1206 4107 1288 4170 corr.)

134 4196 166 4247 21
188 4196 310 4258 aspexisse
329 4194 454 4258 speculum
474 4194 500 4245 in
520 4208 576 4246 rur.
655 4191 688 4245 26
708 4194 873 4258 maculosusq;
896 4197 918 4258 (ς
941 4194 1023 4259 corr.)
1102 4193 1135 4246 29
1155 4196 1289 4244 credideris

37 4354 40 4359 ⁶
65 4289 191 4360 Madut'q:
214 4267 302 4339 credisA
396 4289 429 4342 30
448 4297 551 4339 mutaret
573 4290 623 4355 (mu
643 4289 727 4355 corr.)
824 4290 856 4341 31
877 4291 1010 4339 formosior
1030 4293 1088 4353 (sior
1108 4292 1190 4357 corr.)

67 4445 178 4507 qualesq;
204 4443 277 4491 etiam
299 4416 345 4506 (ed
355 4456 492 4509 suprascr
515 4457 548 4493 m.
564 4442 622 4508 pr.)

1036 4531 1051 4564 e
1060 4531 1076 4563 a
