3060 5078
415 322 570 365 ACCIDANT
591 323 653 365 CVM
673 322 880 365 PROVIDENTIA
900 323 954 365 SlT.
975 323 1011 367 Vl.
1024 386 1034 402 ι
1285 330 1322 388 15

105 468 149 530 ille
180 478 272 532 extra
300 470 483 550 patientiam
514 461 670 532 malorum
702 478 765 544 est,
798 491 854 531 uos
885 491 980 552 supra
1009 471 1201 551 patientiam.
1248 490 1321 531 con-

105 576 231 638 temnite
261 585 496 657 paupertatem:
535 597 631 639 nemo
664 586 729 638 tam
761 598 881 658 pauper
912 578 987 639 uiuit
1018 597 1114 657 quam
1145 585 1235 638 natus
1267 586 1322 639 est.

104 684 293 745 contemnite
317 682 482 746 dolorem:
509 693 563 746 aut
582 683 723 773 solpetur
746 694 800 745 aut
815 683 926 746 soluet.
957 685 1150 745 contemnite
1166 694 1320 744 mortem:
1386 727 1391 736 -

102 809 180 870 quae
211 809 269 850 uos
284 798 355 851 'aut
384 789 451 850 finit
481 799 535 851 aut
566 789 733 852 transfert,
767 791 961 852 contemnite
990 788 1167 852 fortunam:
1203 788 1320 850 nullum

34 909 83 962 7
102 894 138 956 illi
169 895 268 957 telum
299 916 364 976 quo
387 895 492 958 feriret
522 897 661 958 animum
693 897 775 958 dedi.
828 905 902 958 ante
933 898 1040 958 omnia
1071 897 1153 970 caui,
1184 915 1223 956 ne
1254 896 1348 975 quis⁵

102 1023 157 1064 uos
189 1011 311 1065 teneret
340 1003 464 1064 inuitos.
510 1011 600 1084 patet
631 1004 743 1067 exitus.
789 1004 813 1065 si
845 1024 986 1085 pugnare
1017 1023 1081 1064 non
1114 1001 1219 1076 uultiS,
1250 1001 1322 1062 licet

101 1108 215 1191 lugere.
261 1110 333 1171 ideo
357 1131 399 1170 ex
423 1109 570 1172 omnibus
593 1110 687 1171 rebus
710 1130 788 1190 quas
816 1130 885 1172 esse
909 1110 999 1171 uobis
1024 1109 1212 1171 necessarias
1237 1107 1322 1170 uolui
1352 1094 1355 1099 ⁶

100 1216 172 1277 nihil
195 1215 253 1278 feci
276 1215 392 1277 facilius
415 1236 510 1296 quam
535 1217 622 1278 mori.
662 1237 763 1298 prono
787 1218 924 1279 animam
949 1217 1020 1279 loco
1043 1218 1148 1298 posui:
1183 1216 1321 1278 trahitur.

100 1324 261 1385 adtendite
291 1324 391 1384 modo
411 1332 455 1384 et
485 1322 630 1385 uidebitis
653 1343 749 1404 quam
778 1324 882 1385 breuis
904 1324 945 1385 ad
969 1323 1147 1386 libertatem
1172 1334 1203 1385 et
1225 1343 1319 1403 quam

101 1431 249 1511 expedita
279 1431 375 1492 ducat
405 1431 462 1493 uia.
517 1449 581 1491 non
612 1440 678 1492 tam
700 1431 821 1510 longas
851 1431 881 1490 in
912 1431 1000 1491 exitu
1030 1429 1121 1491 uobis
1152 1449 1247 1509 quam
1279 1429 1320 1489 in·
1337 1444 1372 1488 1⁰⁴

101 1536 251 1597 trantibus
282 1556 388 1598 moras
419 1537 527 1616 posui:
563 1537 675 1618 alioqui
707 1557 859 1617 magnum
890 1537 920 1596 in
952 1556 1009 1598 uos
1040 1555 1172 1616 regnum
1197 1534 1321 1597 fortuna

55 1658 87 1711 3
101 1643 262 1717 tenuisset,
292 1644 317 1704 si
347 1642 446 1704 homo
478 1651 544 1704 tam
576 1645 666 1704 tarde
698 1653 872 1706 moreretur
902 1663 998 1723 quam
1029 1644 1172 1704 nascitur.
1225 1662 1320 1703 omne

103 1755 236 1829 tempus,
267 1750 370 1810 omnis
394 1769 451 1810 uos
475 1749 561 1810 locus
586 1752 709 1825 doceat,
738 1770 833 1830 quam
857 1749 946 1811 facile
969 1751 1008 1811 sit
1032 1750 1208 1811 renuntiare
1231 1739 1318 1810 natu-

103 1873 148 1916 rae
171 1864 204 1916 et
229 1876 341 1916 munus
364 1854 405 1917 illi
428 1876 519 1917 suum
544 1856 723 1936 inpingere:
757 1857 836 1917 inter
867 1857 935 1936 ipsa
965 1854 1074 1917 altaria
1097 1864 1129 1916 et
1152 1854 1321 1916 sollemnes

103 1961 334 2024 sacrificantium
358 1962 442 2036 ritus,
466 1961 543 2022 dum
567 1971 696 2043 optatur
720 1963 798 2039 uita,
816 1972 953 2024 mortem
977 1962 1155 2023 condiscite.
1187 1981 1321 2042 corpora
1336 1979 1361 2021 15

98 2069 202 2148 opima
233 2076 394 2130 taurorum
426 2069 544 2148 exiguo
576 2069 745 2130 concidunt
777 2069 905 2131 uolnere
936 2078 969 2131 et
1000 2088 1186 2148 magnarum
1211 2069 1320 2129 uirium

45 2192 49 2198 ·
94 2173 240 2236 animalia
270 2174 427 2236 humanae
465 2194 576 2236 manus
604 2175 684 2236 ictus
707 2174 833 2256 inpellit.
879 2176 965 2236 tenui
995 2173 1077 2236 ferro
1116 2176 1322 2235 commissura

86 2282 222 2343 ceruicis
254 2281 464 2363 abrumpitur,
503 2291 535 2344 et
566 2302 637 2343 cum
669 2261 815 2344 articulus
847 2281 896 2343 ille
926 2283 978 2362 qui
1010 2290 1104 2362 caput
1142 2279 1321 2360 collumque

53 2388 267 2450 lcommittit
289 2389 401 2450 incisus
424 2397 488 2464 est,
519 2397 607 2451 tanta
637 2388 688 2451 illa
712 2387 812 2450 moles
836 2389 960 2450 corruit.
1014 2408 1078 2449 non
1102 2389 1132 2449 in
1156 2387 1220 2449 alto
1244 2387 1321 2448 latet

71 2497 219 2575 spiritus
251 2515 311 2557 nec
342 2496 449 2576 utique
472 2494 555 2557 ferro
579 2496 735 2557 eruendus
759 2504 814 2557 est.
861 2515 925 2556 non
949 2504 1022 2557 sunt
1045 2494 1174 2556 uolnere
1188 2495 1320 2575 penitus
1334 2520 1360 2559 n»

65 2599 236 2682 inpresso
260 2604 429 2663 scrutanda
451 2601 654 2682 praecordia:
681 2603 711 2662 in
734 2602 884 2683 proximo
909 2621 995 2663 mors
1019 2612 1074 2663 est.
1111 2621 1176 2662 non
1199 2609 1320 2661 certum

63 2707 141 2767 ad
161 2706 219 2769 hos
243 2709 322 2770 ictus
345 2709 498 2770 destinaui
520 2707 644 2770 locum:
671 2729 870 2789 quacumque
893 2709 939 2790 uis
962 2709 1104 2789 peruium
1127 2715 1183 2768 est.
1219 2708 1319 2788 ipsum

64 2811 172 2875 illud
201 2814 288 2895 quod
320 2824 450 2877 uocatur
474 2815 568 2890 mori,
600 2836 665 2895 quo
697 2816 801 2877 anima
824 2814 956 2877 discedit
979 2834 998 2876 a
1021 2834 1163 2895 corpore,
1195 2813 1321 2875 breuius

67 2928 160 2993 est,
188 2942 284 3002 quam
315 2930 350 2983 ut
379 2923 484 2984 sentiri
522 2931 612 2984 tanta
642 2921 792 2984 uelocitas
829 2923 944 3003 possit:
987 2923 1052 2983 siue
1082 2920 1187 2982 fauces
1218 2921 1320 2982 nodus

72 3022 183 3101 elisit,
204 3028 270 3089 siue
292 3029 517 3110 spiramentum
542 3047 624 3109 aqua
647 3027 828 3110 praeclusit,
851 3029 916 3090 siue
932 3029 962 3089 in
979 3038 1073 3108 caput
1088 3027 1194 3109 lapsos
1217 3027 1318 3088 subia-
1335 3050 1360 3091 aa

78 3133 193 3194 centis
222 3135 281 3196 soli
311 3135 424 3197 duritia
455 3136 641 3210 conminuit,
672 3135 738 3196 siue
770 3135 900 3196 haustus
931 3136 1009 3215 ignis
1041 3154 1164 3195 cursum
1198 3135 1320 3195 animae

86 3242 262 3304 remeantis
293 3242 483 3303 interscidit:
514 3242 666 3322 quidquid
695 3251 758 3316 est,
790 3250 959 3323 properat:
994 3242 1107 3321 ecquid
1139 3241 1319 3301 erubescitis

95 3346 183 3417 quod
205 3357 271 3410 tam
295 3349 358 3410 cito
380 3347 415 3410 fit
438 3348 549 3410 timere
573 3357 639 3409 tam
664 3348 737 3409 diu?

105 3479 141 3488 -,.

112 3564 207 3626 llnichil
307 3576 336 3628 ll
356 3570 444 3626 mun¹¹s
464 3577 489 3643 (u
502 3592 640 3646 suprascr.
654 3594 687 3630 m.
699 3577 755 3646 pr.)
838 3577 868 3628 lh'
894 3577 991 3627 uulnere
1076 3580 1109 3629 22
1129 3578 1247 3626 destinoui
1264 3574 1290 3628 Ε
1296 3581 1317 3626 ¹:

117 3658 209 3714 estinui
279 3667 316 3715 uis
339 3663 492 3735 Woelfflin:
514 3668 556 3716 ui*
576 3665 668 3732 (erasa
688 3664 778 3718 littera
794 3669 907 3735 pateus
917 3661 1015 3740 fuisse)
1022 3684 1033 3727 ,·
1051 3663 1124 3734 conf.
1140 3663 1234 3718 Seuec.
1250 3670 1319 3735 traq.

119 3738 199 3808 Pluto.
215 3757 263 3807 158
283 3771 331 3819 qua
349 3755 417 3804 uoles
436 3760 541 3805 mortem
561 3758 631 3820 erige
672 3782 675 3787 ·
705 3756 765 3819 puisi
785 3761 800 3806 ἒ
819 3752 888 3819 cod,
914 3752 1028 3808 Fickert
1046 3760 1123 3806 errat
1131 3772 1137 3811 ;
1163 3770 1265 3818 paruum
1285 3761 1320 3803 est

122 3883 187 3961 drap,
256 3896 289 3949 25
309 3855 423 3968 spramtu
437 3895 456 3961 (i
469 3912 502 3947 m.
511 3896 569 3965 pr.)
643 3898 726 3961 lapsos
740 3897 767 3962 (o
781 3897 953 3962 renouatum)
1027 3897 1059 3948 2?
1074 3897 1189 3960 quicquid
1261 3897 1319 3960 etqd

186 3986 325 4035 erubescitis
345 3987 411 4050 quod
431 3993 481 4034 tam
500 3987 549 4034 cito
570 3986 595 4035 fit
615 3987 699 4036 timere
717 3992 768 4035 tam
791 3987 849 4035 diu?
882 3984 970 4039 Koch:
998 3987 1151 4038 erubescitis.
1171 3987 1206 4048 qd
1226 3988 1251 4034 tri
1269 3987 1319 4033 cito

119 4065 137 4114 fit
152 4071 229 4124 timetis
248 4077 290 4125 diu
