3046 5092
367 353 447 397 DlAL.
462 353 491 398 X.
520 355 562 396 Ab
578 353 733 396 PAVLlNVM
748 356 789 396 DE
803 356 973 397 BREVITATE
987 357 1086 400 unna
1105 358 1147 408 ,¹7·
1304 365 1365 425 241

233 499 336 561 XVII.
382 499 473 580 Ipsae
504 500 683 583 uoluptates
717 521 827 564 eorum
857 501 999 582 trepidae
1028 511 1060 564 et
1083 505 1175 565 uariis
1198 503 1370 564 terroribus

144 607 301 688 inquietae
322 616 395 668 sunt
417 607 563 689 subitque
587 628 660 669 cum
684 609 824 669 maxime
848 608 1018 670 exultantis
1041 608 1173 670 sollicita
1196 610 1366 690 cogitatio:

143 712 223 774 haec
253 719 349 796 quain
381 715 455 776 diu?
494 714 535 775 ab
565 713 629 776 hoc
660 707 786 776 adfectu
817 733 909 793 reges
932 735 1021 777 suam
1046 714 1161 777 fleuere
1184 717 1369 795 potentiam.

143 838 201 881 nec
240 819 311 882 illos
342 821 529 900 magnitudo
560 818 704 882 fortunae
734 841 810 882 suae
841 821 1009 883 delectauit
1046 822 1104 882 sed
1135 830 1284 883 uenturus
1315 822 1367 883 ali-

95 939 110 991 !
142 926 271 1008 quando
294 926 363 988 finis
387 929 548 991 exterruit.
578 948 650 989 eum
671 947 861 1009 permagna
876 947 1062 1008 camporum
1078 928 1180 1009 spatia
1195 928 1396 1008 porrigerets

142 1034 318 1096 exercitum
349 1052 407 1095 nec
438 1053 603 1096 numerum
636 1054 702 1095 erus
733 1035 790 1096 sed
822 1054 1002 1096 mensuram
1034 1035 1265 1115 conprenderet
1295 1036 1367 1096 Per-

142 1160 249 1202 sarum
281 1160 339 1202 rex
363 1139 640 1215 insolentissimus,
671 1140 815 1204 lacrimas
838 1138 993 1222 profudit,
1025 1142 1121 1222 quod·
1137 1141 1219 1202 intra
1241 1150 1368 1204 centum

142 1266 244 1308 annos
274 1266 371 1308 nemo
402 1267 444 1308 ex
475 1255 564 1311 tanta
594 1248 754 1310 iuuentute
785 1246 1002 1328 superfuturus
1033 1254 1135 1309 esset:
1170 1256 1202 1309 at
1232 1246 1290 1309 illis
1312 1248 1368 1309 ad·

143 1360 287 1415 moturus
318 1363 386 1415 erat
415 1352 515 1415 fatum
545 1356 613 1436 ipse
642 1355 694 1435 qui
728 1353 840 1428 flebat,
864 1354 1104 1434 perditurusque
1126 1353 1204 1415 alios
1227 1353 1258 1414 in
1283 1355 1368 1428 mari,

143 1460 221 1521 alios
252 1461 284 1521 in
307 1469 407 1534 terra,
439 1459 517 1522 alios
539 1460 679 1542 proelio,
710 1459 787 1521 alios
812 1459 886 1540 fuga
909 1469 941 1521 et
964 1461 1045 1522 intra
1067 1460 1219 1540 exiguum
1242 1468 1369 1541 tempus
1385 1479 1409 1518 ro

115 1575 387 1647 3consumpturus
410 1566 487 1642 illos
510 1567 624 1648 quibus
645 1567 851 1628 centesimum
867 1587 984 1628 annum
1000 1565 1141 1628 timebat.
1173 1567 1257 1648 quid,
1281 1568 1369 1647 quod

143 1674 259 1753 gaudia
291 1694 417 1755 quoque
449 1693 559 1735 eorum
591 1675 716 1754 trepida
745 1676 837 1735 sunt?
876 1673 1046 1734 nonenim
1070 1671 1177 1734 solidis
1201 1673 1367 1734 causisin-

141 1782 291 1854 nituntur,
315 1781 372 1842 sed
390 1769 512 1856 eadem,
536 1800 598 1861 qua
614 1781 761 1854 oriuntur,
785 1781 924 1842 uanitate
939 1780 1112 1843 turbantur.
1143 1778 1245 1860 qualia
1260 1787 1368 1841 autem

141 1896 235 1967 putas
266 1907 336 1948 esse
359 1895 506 1966 tempora
529 1888 624 1948 etiam
648 1888 787 1967 ipsorum
812 1884 1009 1948 consessione
1032 1887 1161 1960 misera,
1194 1905 1266 1947 cum
1290 1884 1369 1947 haec

141 2013 286 2075 quoque,
317 1993 429 2074 quibus
460 2013 495 2055 se
526 1991 675 2054 attollunt
705 2002 738 2055 et
768 2013 863 2074 super
890 1991 1053 2054 hominem
1077 1992 1225 2066 efferunt,
1256 2012 1368 2072 parum
1386 2013 1408 2051 u
1491 2008 1500 2020 Χ

110 2113 124 2166 4
142 2101 265 2162 sincera
287 2100 368 2163 siut?
401 2101 541 2161 maxima
564 2113 709 2180 quaeque
732 2099 819 2160 bona
841 2099 974 2160 sollicita
997 2108 1069 2161 sunt
1084 2119 1144 2160 nec
1158 2099 1210 2160 ulli
1226 2098 1369 2160 fortunae

142 2207 245 2268 minus
277 2207 359 2268 bene
390 2226 485 2287 quam
517 2207 659 2286 optimae
689 2207 842 2267 creditur:
878 2205 937 2268 alia
967 2204 1115 2268 felicitate
1145 2206 1186 2266 ad
1217 2206 1369 2267 tuendam
1403 2184 1412 2222 ³

141 2312 323 2375 felicitatem
362 2333 443 2394 opus
475 2320 524 2375 est
555 2321 587 2374 et
617 2333 675 2395 pro
707 2313 797 2394 ipsis,
836 2334 917 2395 quae
947 2333 1141 2388 successere,
1181 2313 1263 2374 uotis
1294 2320 1370 2374 uota

142 2419 287 2490 facienda
317 2429 397 2482 sunt.
444 2440 541 2481 omne
572 2420 671 2494 enim,
686 2421 791 2499 *quod
815 2418 945 2482 fortuito
969 2420 1115 2494 obueuit,
1145 2418 1289 2482 instabile
1312 2428 1369 2480 est.

142 2548 208 2607 quo
231 2525 323 2588 altius
346 2527 515 2600 surrexit,=
529 2526 738 2607 opportunius
761 2534 809 2587 est
832 2527 862 2587 in
886 2546 1043 2588 occasum.
1089 2527 1248 2587 neminem
1270 2545 1367 2606 porro
1383 2545 1408 2585 20

142 2653 253 2695 casura
283 2632 463 2695 delectant:
497 2633 704 2694 miserrimam
728 2653 807 2714 ergo
830 2654 959 2695 necesse
982 2643 1038 2708 est,
1062 2654 1127 2694 non
1150 2641 1273 2694 tantum
1296 2632 1367 2693 bre-

142 2742 304 2802 uissimam
341 2741 437 2801 uitam
474 2759 543 2800 esse
575 2759 702 2814 eorum,
740 2740 793 2819 qui
823 2760 942 2820 magno
973 2749 1087 2820 parant
1116 2739 1240 2814 labore,
1279 2740 1367 2818 quod
1436 2752 1441 2759 '

142 2847 265 2908 maiore
287 2846 489 2926 possideant:
517 2866 652 2926 operose
676 2845 872 2920 adsecuntur,
896 2866 977 2928 quae
1000 2846 1119 2921 uolunt,
1142 2847 1227 2908 anxii
1249 2854 1367 2920 tenent,

110 2968 226 3033 squae
265 2953 405 3013 adsecuti
444 2960 524 3013 sunt.
575 2952 659 3013 nulla
697 2953 818 3013 interim
858 2972 1030 3032 numquam
1068 2952 1202 3032 amplius
1239 2951 1368 3014 redituri

142 3059 296 3140 temporis
332 3041 411 3120 ratio
448 3068 505 3122 est.
551 3079 653 3119 nouae
685 3060 910 3139 occupationes
941 3059 1099 3120 ueteribus
1129 3060 1367 3132 substituuntur,
1382 3077 1407 3116 n

143 3187 216 3248 spes
252 3185 360 3246 spem.
380 3166 512 3240 excitat,
552 3166 759 3227 ambitionem
796 3166 935 3227 ambitio.
982 3169 1174 3227 miseriarum
1205 3186 1269 3226 non
1298 3165 1368 3226 finis

142 3273 310 3353 quaeritur,
333 3273 390 3334 sed
414 3273 545 3334 materia
568 3282 723 3334 mutatur:
750 3276 847 3334 nostri
871 3293 929 3335 nos
944 3273 1082 3334 honores
1097 3281 1272 3334 torserunt:
1298 3272 1368 3352 plus

143 3383 296 3461 temporis
319 3378 410 3440 alieni
433 3377 583 3442 auferunt
616 3381 773 3441 candidati
788 3379 934 3441 laborare
950 3381 1117 3442 desiimus:
1142 3379 1368 3460 suffragatores

143 3488 315 3568 incipimus.
346 3485 514 3547 accusandi
537 3486 740 3567 deposuimus
761 3484 953 3547 molestiam:
980 3487 1139 3548 iudicandi
1155 3486 1368 3548 nanciscimur.

143 3593 239 3655 iudex
272 3593 364 3655 desiit
395 3612 482 3654 esse:
516 3593 676 3673 quaesitor
698 3600 755 3655 est.
800 3592 972 3655 alienorum
994 3593 1154 3655 bonorum
1177 3594 1407 3655 mercenariam

144 3789 356 3797 —-——-.

146 3946 224 4012 lipse
315 3921 477 3998 2exultant⁰s
490 3947 509 4009 (i
523 3946 714 4011 anteserasa)
799 3945 928 3999 beuteruit
1006 3945 1040 3998 10
1052 3947 1131 4012 prelio
1205 3945 1236 3996 11
1256 3906 1368 4009 Quidqd

147 4085 174 4153 (d
186 4087 213 4140 in
226 4087 296 4153 rau)
388 4086 420 4139 13
439 4102 511 4152 quar
602 4086 635 4140 16
654 4043 798 4137 sinceraslnt
813 4086 873 4140 cod.
887 4089 982 4137 sincera
994 4088 1041 4137 sint
1057 4086 1138 4141 Taru.
1222 4085 1256 4138 17
1275 4086 1393 4150 optime¹

195 4231 197 4234 Α
232 4174 268 4228 20
291 4192 340 4240 quo
360 4177 429 4224 altius
449 4174 615 4229 deteriorum
631 4175 727 4244 pauci:
748 4178 815 4242 quod
834 4170 922 4227 altius'
998 4177 1099 4226 surrexit
1118 4174 1219 4245 Neara:
1240 4176 1367 4238 surrexerit

943 4276 957 4302 n

232 4317 268 4372 22
281 4334 333 4368 esse
346 4334 430 4368 eorum
444 4316 504 4372 cod.
518 4335 601 4368 eorum
615 4336 668 4368 esse
679 4292 790 4387 urrlpo¹
847 4317 880 4370 23
894 4325 959 4368 tenet
1042 4316 1076 4370 25
1089 4334 1153 4368 noue
1165 4319 1193 4386 (e
1206 4312 1305 4402 cord).
1407 4389 1409 4394 .

149 4457 179 4512 26
191 4461 328 4541 {bidonem
342 4463 369 4527 (t
382 4459 464 4527 corr.)
543 4459 576 4512 27
589 4466 625 4510 set
703 4458 737 4512 28
750 4418 856 4510 deslfnus
940 4457 973 4512 29
986 4462 1175 4511 nansciscimur
1257 4457 1292 4512 30
1305 4418 1368 4548 desit

1122 4551 1154 4603 16
