3046 5092
410 309 490 352 DIAL.
501 310 561 352 VIII.
590 310 632 350 AD
647 310 788 352 SERENVM
803 312 844 352 DE
858 311 939 353 OTIO.
968 311 991 354 4:
1005 316 1026 355 5.
1268 319 1329 380 187

99 478 286 540 possumus,
316 459 417 520 immo
449 477 525 519 uero
556 459 662 518 nescio
693 478 732 519 an
762 459 792 519 in
823 460 889 521 otio
919 456 1044 533 meliuS,
1076 469 1111 522 ut
1134 454 1330 541 quaeramus,

99 565 178 647 quid
201 568 242 628 sit
265 567 370 638 uirtus,
394 584 456 626 una
478 562 622 644 pluresne
645 566 715 626 sint.
747 572 857 626 natura
880 586 919 626 an
942 585 992 628 ars
1007 565 1111 628 bonos
1127 569 1211 629 uiros
1227 566 1329 631 saciat.

100 692 199 734 unum
231 674 272 735 sit
302 670 379 747 hoc,
411 670 497 752 quod
529 673 628 733 maria
659 680 821 752 terrasque
852 680 885 734 et
916 673 993 735 mari
1024 693 1062 734 ac
1092 677 1183 737 terris
1213 677 1330 738 inserta

99 777 328 863 conplectitur,
354 799 394 841 an
417 776 517 841 multa
539 776 694 841 eiusmodi
718 799 852 859 corpora
876 779 953 841 deus
976 783 1135 861 sparserit.
1181 780 1330 845 continua
1405 858 1407 862 Α

98 889 141 949 sit
164 887 269 948 omnis
291 895 324 948 et
347 884 440 966 plena
463 887 611 960 materia,
635 906 677 947 ex
699 906 762 967 qua
785 895 898 948 cuncta
920 889 1106 968 gignuntur,
1138 908 1178 950 an
1200 887 1356 952 diductas

98 1004 134 1057 et
165 991 274 1057 solidis
304 995 396 1076 inane
426 995 620 1073 permixtum
653 995 701 1055 sit.
748 994 826 1054 deus
858 993 950 1055 deses
979 1014 1059 1074 opus
1082 1014 1173 1056 suum
1197 1006 1330 1076 spectet,

98 1121 141 1162 an
166 1107 287 1162 tractet.
321 1107 466 1161 utrumne
490 1099 684 1162 extrinsecus
708 1098 748 1161 illi
772 1098 975 1162 circumfusus
999 1101 1045 1175 sit,
1070 1122 1111 1164 an
1130 1103 1189 1164 toti
1207 1102 1330 1165 inditus

98 1204 275 1270 inmortalis
298 1206 338 1267 sit
361 1206 508 1281 mundus,
523 1223 571 1268 'an
594 1209 676 1269 inter
691 1205 809 1268 caduca
825 1215 857 1269 et
872 1208 915 1270 ad
930 1216 1057 1289 tempus
1073 1218 1149 1271 nata
1163 1201 1329 1270 numeran-

99 1315 170 1376 dus
216 1312 295 1375 haec
325 1315 382 1394 qui
410 1313 657 1395 contemplatur,
688 1314 765 1394 quid
797 1314 859 1375 deo
890 1318 1050 1395 praestat?
1082 1335 1122 1376 ne
1153 1324 1242 1379 tanta
1265 1316 1330 1379 eius

97 1441 200 1503 opera
222 1421 289 1483 sine
312 1428 395 1482 teste
418 1420 466 1483 sit.
1345 1439 1369 1481 ro

60 1540 74 1590 1
188 1527 229 1590 V.
265 1524 413 1590 Solemus
437 1526 541 1589 dicere
564 1547 724 1589 summum
747 1527 869 1591 bonum
893 1548 962 1591 esse
985 1529 1159 1591 secundum
1184 1538 1328 1592 naturam

96 1638 222 1698 uiuere:
255 1643 367 1696 natura
394 1655 453 1696 nos
476 1635 518 1695 ad
541 1638 709 1715 utrumque
732 1635 856 1716 genuit,
886 1642 918 1696 et
941 1633 1199 1717 contemplationi
1222 1641 1326 1698 rerum

96 1750 130 1805 et
153 1740 277 1804 actioni
325 1740 397 1821 [32]
430 1740 597 1825 nunciam
620 1740 811 1822 probemus,
842 1742 929 1822 quod
952 1744 1037 1823 prius
1061 1741 1206 1804 diximus
1253 1744 1329 1825 quoi

96 1869 195 1932 porro
219 1847 283 1910 hoc
304 1868 369 1909 non
392 1847 450 1910 erit
471 1833 663 1928 probatum,
676 1849 701 1910 si
725 1867 759 1909 se
782 1849 993 1929 unusquisque
1009 1847 1207 1925 consuluerit,
1229 1870 1327 1931 quan-

95 1965 165 2017 tam
189 1954 366 2035 cupidinem
397 1952 515 2015 habeat
544 1956 655 2034 ignota
684 1955 850 2030 noscendi,
882 1975 979 2036 quam
1009 1956 1052 2018 ad
1083 1957 1185 2018 omnis
1207 1955 1328 2034 fabulas
1345 1972 1369 2012 ¹⁵
1505 2036 1509 2048 Ι

58 2063 275 2126 2excitetur?
307 2061 456 2141 nauigant
486 2061 615 2141 quidam
641 2069 672 2123 et
695 2060 820 2123 labores
843 2062 1103 2144 peregrinationis
1126 2060 1329 2145 longissimae
1360 2132 1369 2139 ,,
1449 2104 1452 2109 -

97 2189 160 2231 una
192 2167 341 2229 mercede
369 2168 585 2248 perpetiuntur
609 2169 824 2248 cognoscendi
848 2167 962 2250 aliquid
986 2169 1130 2233 abditum
1154 2180 1327 2234 remotum·
1417 2154 1424 2167 ⁴

96 2295 167 2357 que.
215 2273 295 2336 haec
317 2294 367 2335 res
390 2274 433 2335 ad
456 2274 637 2355 spectacula
660 2273 796 2357 populos
821 2275 993 2353 contrahit,
1023 2275 1104 2339 haec
1127 2279 1214 2359 cogit
1236 2299 1326 2359 prae-

12 2442 13 2445 ,
98 2370 184 2445 clusa
219 2382 340 2456 rimari,
374 2381 544 2443 secretiora
574 2381 755 2463 exquirere,
791 2382 992 2463 antiquitates
1023 2383 1186 2460 euoluere,
1223 2406 1329 2448 mores

22 2564 25 2570 ⁵
64 2487 306 2557 3barbararum
330 2488 438 2562 audire
461 2488 612 2568 gentium.
643 2489 800 2551 curiosum
823 2489 916 2552 nobis
939 2499 1050 2552 natura
1065 2492 1224 2572 ingenium
1240 2492 1329 2555 dedit
1343 2505 1369 2546 ²⁰

98 2605 131 2658 et
165 2594 241 2658 artis
271 2592 329 2655 sibi
359 2613 396 2655 ac
426 2592 662 2675 pulchritudinis
685 2615 760 2657 suae
783 2596 910 2658 conscia
931 2604 1128 2676 spectatores
1151 2617 1210 2659 nos
1234 2598 1328 2660 tantis

99 2721 203 2764 rerum
235 2699 422 2781 spectaculis
435 2741 437 2745 -
452 2701 575 2780 genuit,
606 2701 768 2783 perditura
798 2700 932 2764 fructum
963 2703 1026 2778 sui,
1057 2703 1082 2774 si
1112 2713 1177 2767 tam
1201 2724 1327 2786 magna,

98 2817 164 2870 tam
199 2806 299 2882 clara,
328 2815 395 2869 tam
426 2806 581 2869 subtiliter
612 2808 721 2883 ducta,
753 2817 819 2872 tam
850 2809 949 2872 nitida
980 2817 1012 2872 et
1035 2831 1100 2873 non
1123 2831 1186 2874 uno
1210 2831 1326 2892 genere

65 2925 80 2976 l
98 2914 241 2977 formosa
263 2912 423 2977 solitudini
445 2915 637 2976 ostenderet.
670 2923 704 2976 ut
726 2915 806 2977 scias
829 2914 913 2978 illam
936 2917 1071 2998 spectari
1095 2916 1238 2992 uoluisse,
1261 2939 1327 2981 non

98 3030 222 3086 tantum
246 3011 373 3102 adspici,
398 3020 468 3082 uide
491 3041 586 3102 quem
610 3021 702 3085 nobis
726 3020 830 3084 locum
854 3024 992 3086 dederit:
1019 3025 1050 3087 in
1074 3025 1179 3088 media
1201 3046 1259 3088 nos
1279 3027 1327 3088 sui
1341 3037 1366 3077 ²⁵

97 3134 188 3211 part'e
212 3127 372 3212 constituit
396 3135 428 3189 et
451 3128 712 3211 circumspectum
736 3131 881 3193 omnium·
901 3129 993 3193 nobis
1017 3131 1113 3194 dedit.
1145 3151 1204 3194 nec
1225 3132 1326 3195 erexit

34 3226 40 3237 ¹
70 3279 73 3282 «
98 3235 323 3298 tantummodo
354 3233 530 3309 hominem,
567 3236 624 3297 sed
656 3237 749 3298 etiam
780 3236 918 3298 habilem
949 3236 998 3298 ad
1025 3237 1325 3320 contemplationem

98 3342 234 3417 lactura,
265 3350 300 3402 ut
323 3340 363 3403 ab
387 3349 459 3403 ortu
482 3342 585 3403 sidera
607 3343 637 3403 in
661 3363 807 3405 occasum
833 3342 969 3405 labentia
991 3347 1139 3426 prosequi
1161 3355 1271 3426 posset
1288 3355 1326 3409 ‘et

51 3490 53 3496 ·
99 3448 220 3512 uoltum
244 3468 335 3511 suum
360 3447 558 3512 citcumferre
581 3469 651 3512 cum
676 3458 757 3526 toto,
780 3449 914 3513 subIIme
938 3449 1011 3514 fecit
1027 3450 1069 3539 illi
1083 3463 1177 3535 caput
1193 3461 1225 3515 et
1241 3451 1325 3516 collo

98 3697 113 3749 3
133 3703 155 3746 et
174 3696 240 3746 mari
260 3712 289 3745 ac
309 3697 377 3746 terris
395 3695 493 3766 uulpo:
519 3702 542 3746 et
561 3697 639 3746 maria
660 3682 735 3747 atris
843 3697 859 3749 4
884 3698 1031 3764 εσρΙεεῒὶῒιιτ
1137 3698 1153 3753 6
1178 3701 1324 3764 permixtum

98 3819 195 3891 uulpo:
214 3823 341 3886 pmixtuq3
422 3821 481 3871 deus
494 3823 563 3871 deses
575 3819 666 3874 Koch:
684 3797 774 3872 dsedes
787 3820 846 3876 cod.
867 3823 926 3873 deus
944 3824 1031 3873 sedens
1043 3821 1126 3894 uulgo
1140 3824 1198 3873 deus
1213 3824 1325 3874 desidens

100 3907 190 3964 Haase
283 3910 314 3963 13
333 3911 383 3959 iam
403 3911 535 3975 probemus
552 3908 678 3964 Fickert:
699 3907 807 3977 ipbem’
898 3907 948 3977 p'us
967 3908 1049 3962 dixim’
1071 3910 1130 3965 cod.
1150 3918 1176 3967 et
1193 3910 1324 3966 ediziones

98 4013 181 4068 usquc
207 3996 247 4052 ad
269 3995 416 4061 Horetum,
444 3999 493 4068 qui
515 3997 650 4053 Italorum
674 3998 774 4053 indicio
799 3998 928 4070 deceptus
951 3999 1037 4054 edidit
1061 4003 1127 4066 prius
1151 4002 1323 4066 praediximus.

185 4088 244 4153 quoi
257 4083 387 4158 Madm'p:
408 4089 468 4152 quid
558 4089 591 4142 lo
609 4091 701 4140 habeat
714 4090 735 4157 (t
747 4091 833 4156 corr.)
919 4090 951 4143 16
965 4092 1080 4140 excitetur
1093 4087 1190 4158 uulgo:
1211 4089 1324 4140 excitent*

188 4175 221 4230 19
239 4177 324 4226 rimari
343 4174 506 4231 deteriores:
528 4179 617 4227 rimare
707 4177 739 4229 21
760 4181 860 4228 conscia
878 4194 948 4232 unus
967 4177 1145 4232 deteriorum:
1169 4180 1235 4243 fisci,⁸
1336 4166 1340 4178 ⁸

98 4299 130 4353 25
155 4302 235 4368 aspici
343 4300 377 4354 27
402 4302 511 4352 habilem
537 4303 571 4351 ad
596 4302 829 4367 contemplationem
848 4301 939 4356 Koch:
966 4265 1016 4355 had
1039 4305 1192 4368 Eteplatione
1211 4301 1323 4370 (lineola

102 4440 186 4496 supra
204 4423 326 4480 ultr'mam
345 4442 358 4474 e
377 4422 440 4493 del.)
548 4424 582 4480 29
607 4426 676 4478 uultu
779 4433 811 4480 cu
831 4404 895 4493 totos
1003 4434 1075 4495 caput
1095 4429 1115 4495 (t
1133 4429 1215 4500 corr.)
