3046 5092
163 322 204 382 34
436 319 516 359 DIAL.
536 319 565 363 11.
586 320 627 359 AD
647 319 788 360 SERENVM
808 321 868 361 NEC
886 321 1029 363 INlVRlAM
1049 321 1109 364 NEC

159 464 263 524 dium!
306 463 467 526 Chaereae
498 474 620 539 contra,
653 465 779 527 tribuno
806 466 957 542 militum,
989 488 1095 529 sermo
1119 489 1266 550 non-pro
1291 481 1412 532 manua

160 580 240 644 erat,
272 569 439 651 languidus
470 592 551 633 sono
585 582 630 645 et,
661 573 693 632 ni
715 571 798 634 sacta
821 593 940 648 nosses,
964 575 1147 655 suspectior.
1194 575 1266 637 huic
1290 575 1384 638 Gaius

159 677 282 757 signum
315 679 434 757 petenti
466 679 566 740 modo
597 679 744 753 Veneris,
776 680 876 740 modo
909 680 1010 761 Priapi
1041 680 1140 742 dabat
1172 680 1261 743 aliter
1292 690 1385 763 atque

159 783 248 846 aliter
264 783 462 866 exprobrans
479 793 601 846 armato
620 784 792 846 mollitiam.
816 785 896 847 haec
912 787 978 867 ipse
993 785 1181 868 perlucidus
1198 788 1386 873 crepidatus

118 910 131 948 s
160 899 295 952 auratus
341 891 447 970 coegit
469 891 575 970 itaque
598 890 684 951 illum
708 892 752 953 uti
776 891 867 966 ferm,
891 912 931 953 ne
954 893 1078 975 saepius
1101 894 1226 974 signum
1243 903 1382 976 peteret:

160 996 211 1058 ille
233 996 352 1077 primus
376 997 456 1057 inter
479 997 658 1059 coniuratos
682 1018 810 1060 manum
834 997 971 1073 sustulit,
995 998 1044 1059 ille
1069 1001 1223 1062 ceruicem
1248 1003 1386 1064 mediam

161 1124 224 1165 uno
257 1103 320 1164 ictu
352 1104 476 1167 decidit.
521 1103 691 1185 plurimum
721 1106 836 1166 deinde
860 1107 998 1186 undique
1020 1105 1163 1188 publicas
1187 1128 1224 1169 ac
1247 1108 1386 1188 priuatas

158 1209 282 1271 iniurias
314 1208 526 1273 ulciscentium
551 1209 728 1291 gladiorum
752 1212 911 1292 ingestum
936 1221 996 1287 est,
1028 1213 1085 1274 sed
1109 1214 1229 1295 primus
1253 1215 1300 1275 uir
1323 1213 1385 1290 suit,

158 1318 211 1397 qui
235 1317 362 1407 minime
391 1317 474 1378 uisus
498 1327 553 1379 est.
600 1328 633 1380 at
663 1320 748 1379 idem
772 1318 869 1380 Gaius
893 1320 1000 1380 omnia
1023 1319 1230 1381 contumelias
1261 1327 1412 1402 putansa

120 1447 144 1486 ro
160 1433 195 1484 ut
218 1431 289 1484 sunt
312 1422 512 1485 ferendarum
535 1424 722 1506 inpatientes
745 1424 958 1486 faciendarum
980 1425 1186 1507 cupidissimi,
1210 1427 1308 1489 iratus
1332 1426 1386 1489 fuit

161 1530 321 1591 Herennio
345 1530 464 1605 Macro,
489 1531 575 1611 quod
600 1529 686 1592 illum
710 1530 824 1593 Gaium
849 1531 1047 1594 salutauerat.
1087 1553 1146 1594 nec
1161 1533 1277 1614 inpune
1294 1534 1385 1594 cessit

159 1635 346 1718 primipilari,
371 1637 458 1717 quod
481 1635 655 1717 Caligulam
680 1638 812 1699 dixerat.
859 1638 921 1700 hoc
945 1639 1028 1699 enim
1052 1641 1082 1700 in
1106 1640 1214 1701 castris
1238 1648 1332 1700 natus
1355 1649 1386 1701 et

158 1743 304 1804 alumnus
326 1743 487 1823 legionum
512 1745 618 1804 uocari
637 1743 771 1819 solebat,
795 1744 881 1816 nullo
898 1745 1026 1806 nomine
1042 1744 1191 1807 militibus
1208 1744 1386 1807 familiarior

158 1870 308 1930 umquam
325 1848 433 1912 sactus
465 1851 522 1911 sed
538 1850 600 1911 iam
618 1849 791 1931 Caligulam
809 1852 983 1912 conuicium
1000 1859 1033 1913 et
1048 1850 1201 1933 probrum
1218 1851 1386 1914 iudicabat.

119 1981 143 2022 ιε)
159 1956 353 2018 conturbatis
385 1977 462 2037 ergo
494 1954 557 2017 hoc
587 1958 689 2038 ipsum
722 1956 840 2019 solacio
868 1959 938 2031 erit,
970 1958 1091 2019 etiamsi
1119 1966 1227 2019 nostra
1258 1957 1412 2020 facilitast

161 2063 313 2126 ultionem
345 2064 498 2138 omiserit,
528 2062 667 2124 futurum
698 2061 835 2143 aliquem
858 2063 910 2144 qui
934 2084 1054 2145 poenas
1078 2064 1187 2144 exigat
1210 2085 1230 2125 a
1252 2085 1409 2145 procace·

159 2179 191 2232 et
215 2169 352 2250 superbo
377 2179 409 2230 et
433 2168 589 2244 iniurioso,
613 2189 694 2249 quae
714 2170 793 2231 uitia
816 2190 990 2250 numquam
1014 2170 1045 2231 in
1068 2163 1132 2230 urio
1156 2169 1287 2232 homine
1311 2180 1344 2233 et
1358 2172 1387 2232 in

158 2297 220 2337 una
236 2275 427 2337 contumelia
450 2284 684 2337 consumuntur.
724 2265 925 2357 respiciamus
941 2296 1051 2338 eorum
1068 2275 1226 2358 exempla,
1248 2298 1384 2357 quorum

159 2382 325 2444 laudamus
355 2380 551 2464 patientiam,
583 2390 617 2443 ut
640 2381 790 2456 Socratis²
814 2384 866 2463 qui
891 2384 1129 2444 comoediarum
1152 2382 1334 2463 publicatos
1355 2384 1386 2445 in

46 2511 47 2514 ¹
117 2510 144 2551 an
158 2510 193 2551 se
217 2498 249 2550 et
272 2498 433 2570 spectatos
456 2487 537 2550 sales
561 2489 591 2549 in
614 2498 738 2570 partem
762 2489 881 2551 bonam
905 2490 1026 2571 accepit
1049 2490 1177 2571 risitque
1197 2510 1263 2551 non
1284 2491 1385 2552 minus

155 2616 253 2677 quam
293 2617 364 2656 cum
404 2595 445 2656 ab
484 2616 585 2657 uxore
616 2596 799 2678 Xanthippe
837 2595 987 2657 inmunda
1023 2616 1105 2676 aqua
1135 2580 1384 2678 perfunderetur.

156 2701 340 2765 Antistheni
371 2710 472 2764 mater
504 2702 639 2764 barbara
670 2711 703 2765 et
725 2702 884 2765 Thraessa
916 2702 1118 2764 obiciebatur.
1165 2683 1333 2784 respondit
1355 2710 1385 2764 et

156 2809 289 2871 deorum
314 2819 448 2870 matrem
471 2809 601 2870 Idaeam
625 2829 702 2870 esse.
1166 2864 1168 2869 .

247 2916 335 2979 XIX.
366 2916 440 2978 Non
464 2925 512 2977 est
532 2917 562 2976 in
579 2917 682 2976 rixam
699 2913 1027 2996 conluctationemque
1044 2915 1242 2976 ueniendum.
1273 2913 1384 2996 procul
1401 2919 1412 2971 1

117 3042 142 3083 aa
158 3023 318 3084 auferendi
352 3023 452 3105 pedes
487 3014 566 3083 sunt
592 3030 624 3082 et
655 3021 806 3103 quidquid
830 3020 951 3083 horum
984 3021 1024 3083 ab
1057 3021 1298 3102 inprudentibus
1331 3020 1384 3083 fiet

158 3128 235 3206 (fieri
271 3140 377 3191 autem
408 3128 465 3190 nisi
496 3128 536 3190 ab
568 3129 806 3210 inprudentibus
838 3149 902 3188 non
932 3132 1051 3208 potest)
1083 3126 1323 3207 neglegendum
1354 3135 1385 3189 et

158 3236 296 3297 honores
320 3236 509 3315 iniuriaeque
532 3235 617 3314 uolgi
640 3235 670 3294 in
693 3235 881 3315 promiscuo*
898 3233 1074 3296 habendae.
1119 3253 1179 3294 nec
1201 3231 1249 3294 his
1273 3233 1383 3296 dolen-

159 3345 237 3404 dum
268 3362 327 3404 nec
357 3340 414 3401 illis
445 3340 666 3421 gaudendum:
707 3339 823 3420 alioqui
854 3339 953 3401 multa
983 3340 1097 3402 timore
1120 3339 1412 3402 contumeliarum2

158 3457 212 3510 aut
235 3448 341 3510 taedio
364 3447 540 3508 necessaria
562 3446 745 3507 omittemus
768 3444 963 3526 publicisque
987 3454 1019 3508 et
1042 3445 1171 3528 priuatis
1187 3444 1309 3522 officiis,
1332 3445 1383 3508 ali·

158 3662 171 3712 l
193 3662 302 3724 cherres
432 3667 517 3706 contra
531 3659 628 3707 tribuno
650 3655 746 3710 Gertz:
768 3638 897 3706 corstbuno
1024 3657 1040 3708 2
1060 3658 1190 3720 languidus
1209 3658 1247 3721 (us
1266 3656 1295 3708 in
1314 3659 1383 3722 ras.)

326 3777 339 3804 ο
464 3757 476 3783 0

286 3820 301 3872 3
320 3837 346 3868 m
364 3797 567 3883 uenerismpriapi
585 3817 734 3886 (superscr.
754 3831 787 3868 m.
808 3813 865 3882 alt.)
993 3816 1009 3868 9
1028 3822 1130 3881 putans,
1155 3821 1181 3865 ut
1200 3813 1385 3885 Romanius,

157 3908 264 3963 Haase:
286 3915 353 3975 putat
372 3915 395 3958 et
491 3907 527 3960 10
543 3908 689 3972 inpatientes
707 3903 767 3958 cod.
864 3906 1017 3970 cupidissimi
1036 3903 1185 3958 deteriores
1201 3906 1386 3969 :cupidissimis

256 3998 287 4050 11
308 4000 407 4062 impune
506 3995 539 4049 12
558 3996 714 4061 primipilarii
811 3993 844 4046 14
863 3997 945 4059 unqua
965 3993 1007 4060 (uu
1025 3993 1052 4045 in
1071 3992 1139 4059 ras.)
1169 3996 1171 3999 ’
1236 3992 1268 4044 15
1289 4000 1386 4043 contur-

157 4107 222 4154 batis
240 4103 295 4158 Εἲς
317 4105 474 4154 conturbatus
559 4101 592 4155 16
611 4118 706 4168 qpenas
792 4101 825 4153 ’17
843 4104 942 4165 nunqua
1028 4098 1061 4152 18
1080 4093 1227 4149 contumelia
1244 4103 1269 4166 (a
1282 4116 1317 4153 m.
1325 4100 1385 4169 pr.)

247 4245 280 4299 19
300 4247 414 4296 Socrates
503 4246 662 4311 qcomediatt
752 4241 786 4295 20
805 4250 828 4290 et
846 4241 981 4308 spectatos]
1002 4246 1143 4306 expectatos
1223 4241 1258 4294 22
1277 4195 1387 4291 eihressa

240 4335 274 4388 23
293 4336 390 4409 ideam
459 4332 494 4386 24
513 4335 711 4383 colluctationem
795 4330 828 4383 25
848 4331 917 4396 chd
998 4329 1031 4382 26
1051 4327 1248 4396 ῆροῐεεῐ*(ναε.
1264 4328 1387 4398 fortasse

154 4423 260 4494 peracti)
350 4422 384 4476 27
409 4424 475 4486 uulgi
565 4422 745 4486 impromiscuo
