3060 5078
384 125 465 170 DIAL.
475 124 525 167 VII.
554 125 596 165 ΑΙ)
611 124 788 167 GALLIONEM
805 126 844 166 DE
860 126 930 166 VITA
945 126 1051 167 ΒΕΑΤΑ.
1081 129 1099 170 1.
1117 130 1136 170 8.
1311 135 1369 195 161

101 310 112 329 .
143 270 263 348 similia,
278 271 377 334 immo
393 271 516 335 diuersa
532 272 729 353 conponitis?
745 270 842 334 altum
858 273 1009 354 quiddam
1026 281 1074 336 est
1089 273 1194 349 uirtus,
1211 274 1373 338 excelsum

142 388 177 442 et
192 378 308 460 regale,
323 378 479 454 inuictum,
496 377 705 459 infatigabile:
733 363 879 461 uoluptas
895 379 1021 455 humile,
1043 380 1162 455 seruile,
1185 380 1373 454 inbecillum,

143 487 317 561 caducum,
356 487 442 548 cuius
476 487 571 547 statio
610 506 648 547 ac
678 485 870 548 domicilium
901 484 1034 548 fornices
1066 498 1097 550 et
1127 488 1264 569 popinae
1294 496 1373 550 sunt.

143 593 294 655 uirtutem
317 594 348 654 in
371 591 492 674 templo
517 592 693 668 conuenieS,
717 594 747 654 in
771 591 851 668 for0,
874 594 905 655 in
926 595 1017 669 curia,
1042 615 1100 674 pro
1117 595 1212 656 muris
1227 602 1374 667 stantem,

142 699 412 781 puluerulentam‚
444 699 637 774 coloratam,
661 698 793 761 callosas
816 699 988 763 habentem
1013 722 1143 763 manus:
1178 700 1402 782 uoluptatemr

143 805 323 869 latitantem
347 807 470 888 saepius
494 826 531 867 ac
554 805 702 869 tenebras
722 815 904 886 captantem
926 808 1007 868 circa
1023 807 1146 870 balinea
1161 828 1199 870 ac
1214 809 1376 870 sudatoria

144 934 183 976 ac
207 911 278 975 loca
301 913 435 976 aedilem
452 914 633 988 metuentia,
657 912 795 988 mollem,
819 933 977 988 eneruem,
997 934 1085 977 mero
1102 924 1198 995 atque
1214 924 1375 996 unguento

148 1021 350 1094 madentem,
388 1018 537 1100 pallidam
576 1028 630 1081 aut
667 1018 804 1082 fucatam
843 1030 875 1082 et
911 1021 1149 1083 medicamentis
1184 1020 1375 1102 pollinctam.

104 1146 124 1198 a
146 1126 307 1190 summum
331 1126 451 1188 bonum
475 1124 643 1190 inmortale
666 1134 732 1188 est:
768 1128 866 1189 nescit
889 1128 976 1189 exire
999 1148 1058 1190 nec
1079 1119 1256 1192 satietatem
1279 1129 1376 1190 habet

146 1256 206 1298 nec
236 1237 468 1317 paenitentiam.
515 1254 687 1315 numquam
720 1237 801 1297 enim
834 1245 919 1298 recta
951 1257 1040 1298 mens
1072 1238 1202 1300 uertitur
1233 1257 1291 1298 nec
1318 1236 1376 1298 sibi
1393 1257 1415 1297 ro

146 1343 223 1406 odio
255 1351 315 1418 est,
346 1363 405 1405 nec
436 1345 603 1424 quicquam
639 1351 762 1404 mutant
785 1344 924 1424 optima:
959 1352 991 1404 at
1016 1342 1160 1424 uoluptas
1183 1353 1272 1417 tunc,
1304 1363 1374 1404 cum

147 1450 288 1512 maxime
311 1448 457 1524 delectat,
482 1449 681 1530 extinguitur.
720 1469 784 1510 non
808 1449 941 1511 multum
965 1449 1026 1511 loci
1055 1449 1160 1525 habet,
1184 1451 1290 1531 itaque
1313 1451 1375 1512 cito

148 1555 244 1638 inplet
282 1565 315 1617 et
348 1556 456 1618 taedio
488 1564 536 1617 est
569 1564 600 1617 et
630 1564 704 1638 post
735 1555 870 1637 primum
901 1556 1043 1636 inpetum
1074 1565 1211 1619 marcet:
1255 1577 1313 1618 nec
1344 1557 1376 1617 id

148 1683 299 1745 umquam
329 1672 450 1726 certum
481 1672 545 1737 est,
577 1665 662 1724 cuius
692 1663 723 1724 in
754 1671 845 1725 motu
876 1671 987 1725 natura
1017 1671 1073 1725 est.
1125 1664 1167 1725 ita
1198 1649 1238 1725 ne
1267 1671 1376 1745 potest

148 1771 276 1853 quidem
308 1768 369 1833 ulla
397 1770 462 1832 eius
487 1790 556 1832 esse
580 1769 770 1845 substantia,
801 1772 889 1851 quod
913 1771 997 1832 uenit
1020 1771 1192 1852 transitque
1215 1769 1376 1834 celerrime
1392 1792 1416 1830 rr,

148 1876 271 1961 inipso
294 1898 351 1940 usu
374 1877 420 1939 sui
442 1878 622 1958 periturum.
669 1897 708 1938 eo
732 1877 815 1939 enim
839 1877 979 1959 peruenit
1003 1876 1055 1938 ubi
1080 1877 1214 1952 desinat,
1244 1886 1275 1938 et
1299 1878 1375 1937 dum

149 1984 262 2068 incipit,
285 1992 408 2066 spectat
431 1985 474 2046 ad
497 1983 601 2046 finem.

98 2082 136 2152 ff
237 2091 323 2156 VIII.
362 2090 465 2173 Quid,
496 2091 583 2171 quod
607 2098 673 2152 tam
697 2090 789 2152 bonis
812 2112 907 2172 quam
933 2091 1022 2173 malis
1047 2091 1193 2172 uoluptas
1216 2091 1296 2152 inest
1319 2111 1377 2152 nec

150 2201 250 2262 minus
288 2208 395 2280 turpes
433 2199 571 2260 dedecus
606 2218 696 2258 suum
728 2218 823 2279 quam
855 2197 1007 2260 honestos
1038 2199 1168 2280 egregia
1199 2197 1376 2260 delectant?

147 2305 285 2387 ideoque
308 2313 536 2386 praeceperunt
559 2314 682 2367 ueteres
705 2305 861 2386 optimam
884 2306 972 2386 sequi
996 2307 1106 2380 uitam,
1134 2325 1199 2366 non
1222 2306 1376 2366 iucundis.
1392 2323 1417 2363 ro

146 2414 280 2488 simam,
304 2421 338 2474 ut
361 2421 466 2474 rectae
489 2432 526 2473 ac
549 2411 654 2473 bonae
683 2410 853 2474 uoluntatis
877 2433 941 2474 non
965 2413 1049 2487 dux,
1080 2414 1138 2474 sed
1162 2432 1270 2474 comes
1295 2421 1378 2473 esset

144 2519 305 2602 uoluptas.
351 2529 463 2581 natura
495 2519 578 2579 enim
611 2518 690 2580 duce
722 2520 873 2582 utendum
902 2528 959 2582 est.
1004 2519 1086 2581 hanc
1117 2519 1195 2581 ratio
1220 2518 1378 2592 obseruat,

99 2624 231 2690 2hanc
260 2625 401 2688 consulit.
445 2626 530 2687 idem
554 2633 602 2686 est
626 2644 703 2704 ergo
728 2625 822 2688 beate
846 2627 950 2688 uiuere
974 2635 1006 2688 et
1028 2628 1201 2688 secundum
1225 2635 1377 2687 naturam.

139 2731 212 2797 hoc
235 2732 311 2815 quid
334 2733 383 2807 sit,
406 2733 467 2795 iam
491 2733 628 2814 aperiam
642 2751 657 2794 ε·
675 2733 700 2794 si
724 2733 864 2814 corporis
888 2733 981 2794 dotes
1005 2742 1037 2795 et
1060 2742 1135 2814 apta
1157 2742 1287 2795 naturae
1303 2752 1377 2793 con-

137 2840 338 2904 seruarimus
362 2837 527 2920 diligenter
551 2847 583 2900 et
605 2838 752 2920 inpauide
774 2847 937 2920 tamquam
960 2839 990 2900 in
1011 2839 1095 2901 diem
1112 2841 1186 2902 data
1202 2848 1233 2900 et
1250 2838 1379 2918 fugacia,
1393 2858 1419 2897 rr

140 3123 373 3204 1eomp0nitis·
408 3120 545 3186 bgallosas
559 3118 723 3177 deteriores:
744 3122 823 3187 galias
896 3121 1005 3187 fisepius
1077 3122 1176 3171 balinea
1189 3121 1314 3188 (irrora)

209 3237 215 3250 .
1204 3209 1252 3246 ψ’
1307 3207 1336 3221 “”

142 3264 167 3318 9
188 3208 327 3315 sltlllllffm
348 3264 498 3334 (suprascr.
517 3277 552 3314 m.
572 3263 637 3329 rec.)
728 3262 763 3317 10
781 3280 827 3314 nee
846 3265 1022 3329 poenitentiam
1044 3261 1145 3333 Neap.:
1172 3280 1217 3312 nec
1237 3216 1380 3328 pappetpfiam

142 3353 307 3425 (sirprascr.
325 3367 360 3404 m.
373 3352 439 3417 rec.)
472 3349 474 3353 ’
525 3353 557 3405 11
578 3354 681 3403 mutauit
694 3355 790 3418 optima
803 3350 862 3407 cod.
876 3359 970 3403 mutant
982 3354 1077 3418 optima
1091 3349 1176 3414 Koch,
1195 3352 1233 3404 ira
1247 3359 1275 3405 ut
1288 3358 1381 3401 mutant

141 3440 226 3496 idom
252 3440 385 3512 significet
409 3440 485 3511 quod
510 3448 632 3492 mutantur
660 3440 708 3510 (of.
731 3445 775 3504 18,
796 3446 811 3494 2
831 3460 876 3492 nee
895 3443 1037 3508 malignitas
1055 3458 1096 3492 me
1114 3443 1160 3491 ista
1250 3442 1380 3491 deterrebit

139 3533 182 3581 ab
202 3531 318 3597 optimum
346 3528 380 3585 de
399 3529 458 3586 ben.
478 3533 502 3594 6,
522 3533 565 3593 23,
586 3533 600 3583 2
621 3533 653 3580 ab
673 3533 773 3596 optimis
792 3533 921 3590 aberrare3
950 3528 984 3584 de
1003 3529 1061 3584 ben.
1081 3534 1106 3593 2,
1129 3533 1176 3591 19,
1196 3532 1211 3581 5
1231 3532 1256 3580 in
1275 3531 1381 3596 pessima

139 3621 183 3670 ab
204 3620 306 3686 optimis
324 3620 423 3688 lapsus3
444 3618 563 3686 01111118
578 3636 702 3690 prooem.
717 3623 745 3672 21
770 3622 865 3686 optima
885 3622 956 3670 rebus
975 3621 1108 3670 cohaerent
1115 3637 1122 3677 ;
1146 3621 1186 3687 12,
1201 3621 1224 3681 2,
1240 3621 1272 3671 22
1286 3621 1381 3683 optima

139 3710 311 3773 nescientis);
338 3715 415 3760 mutat
440 3727 455 3761 a
480 3712 521 3760 uio
546 3712 641 3775 optima
659 3706 789 3779 Madm'q,
815 3716 893 3759 mutat
911 3716 936 3759 ut
960 3711 1055 3775 optima
1076 3706 1171 3771 Gertz,
1197 3709 1301 3758 mutauit
1324 3708 1381 3772 quia
1441 3699 1450 3712 '

140 3812 249 3864 semper
267 3815 363 3864 semper
383 3806 465 3849 secuta
484 3805 519 3849 est
538 3801 631 3864 optima
650 3797 684 3862 Ε,
703 3800 805 3848 mutauit
823 3800 881 3864 quia
899 3815 995 3863 semper
1013 3805 1114 3863 sequuta
1132 3807 1167 3848 est
1186 3799 1281 3876 optima
1295 3793 1381 3864 Neop.

242 3886 276 3940 13
302 3888 368 3938 terlio
458 3890 555 3954 impelli
666 3887 699 3939 14
723 3889 826 3938 immotu
934 3887 968 3939 15
994 3888 1126 3952 transitque
1147 3882 1244 3939 Gertz:
1266 3885 1382 3934 transitue

263 3975 295 4028 16
314 3977 426 4041 peruenit
446 3990 504 4030 oum
523 3973 667 4045 Modoiqr'o
687 3982 712 4030 et
732 3972 842 4029 Gertzio
861 3974 920 4045 ipse
938 3991 1044 4046 quoque
1058 3990 1114 4045 pro
1133 3981 1262 4044 corrupto
1280 3969 1380 4035 liobe03

145 4062 307 4119 emendatio
326 4065 431 4118 incerto
450 4071 499 4117 est.
539 4064 584 4120 r'lle
599 4064 747 4136 proposuit
765 4067 853 4130 pergit,
871 4062 916 4117 ltr‘c
934 4067 1042 4130 proruit;
1066 4059 1191 4132 sortasse
1208 4059 1383 4115 scribendum

146 4158 193 4209 cel
211 4155 339 4221 peruenire
357 4155 406 4204 uult
498 4154 533 4208 20
552 4156 732 4205 iocundissima
751 4160 777 4219 (o
796 4168 869 4208 corr.
889 4168 927 4206 ex
944 4152 970 4217 u)
1060 4152 1090 4206 ‘21
1114 4158 1179 4202 recte
1197 4169 1226 4201 ac
1245 4152 1312 4200 bone

147 4249 214 4294 esset
234 4240 331 4297 Gertz:
352 4243 382 4292 sit
473 4242 506 4295 21
532 4246 725 4294 conseruarimus
747 4239 843 4295 Gertz:
865 4242 1066 4292 conseruabimus
1156 4240 1190 4294 ‘25
1215 4241 1276 4291 datia

1131 4329 1164 4381 11
