3046 5092
243 340 303 399 144
459 333 537 374 DIAL.
552 332 589 374 Vl.
619 333 660 372 Al)
675 331 818 372 MARCIAM
834 333 873 372 DE
887 331 1131 373 CONSOLATIONE.
1162 334 1194 375 lt,
1209 333 1243 373 20.

239 477 313 539 nihil
343 487 392 541 est
422 488 454 539 et
486 479 592 539 omnia
622 480 651 540 in
683 477 810 539 nihilum
842 479 971 558 redigit,
1002 475 1075 538 nulli
1105 497 1165 538 nos
1194 475 1338 537 fortunae
1361 476 1470 537 tradit.

240 585 325 647 mala
347 585 430 646 enim
454 585 601 666 bonaque
625 586 706 646 circa
729 583 863 664 aliquam
888 594 1050 646 uersantur
1073 583 1246 645 materiam.
1263 582 1342 643 'non
1358 574 1471 665 potest

239 693 271 752 id
294 690 420 753 fortuna
441 701 566 765 tenere,
589 692 677 772 quod
700 699 811 753 natura
833 691 963 765 dimisit,
993 712 1050 753 nec
1073 698 1180 772 potest
1203 690 1298 751 miser
1321 710 1393 751 esse
1417 690 1473 770 qui

240 798 339 859 nullus
379 806 433 859 est.
481 799 616 859 excessit
654 797 732 858 filius
771 808 842 859 tuus
881 799 1048 872 terminos,
1086 798 1168 859 intra
1205 816 1286 878 quos
1324 795 1511 858 seruitur.u

214 906 365 985 sexcepit
388 903 474 970 dlum
499 924 616 983 magna
638 913 669 964 et
693 913 821 966 aeterna
844 925 917 984 pax·
962 923 1026 964 non
1049 902 1243 985 paupertatis
1266 911 1369 975 metu,
1404 923 1472 963 non

240 1012 417 1072 diuitiarum
452 1030 542 1085 cura,
577 1031 642 1071 non
677 1009 810 1072 libidinis
840 1030 897 1093 per
928 1010 1125 1093 uoluptatem
1156 1009 1278 1071 animos
1308 1009 1473 1090 carpentis

240 1116 371 1178 stimulis
393 1117 561 1189 incessitur,
585 1137 650 1177 non
673 1117 787 1178 inuidia
810 1115 962 1178 felicitatis
985 1115 1104 1178 alienae
1127 1116 1278 1195 tangitur,
1301 1135 1365 1177 non
1391 1136 1472 1177 suae

240 1224 407 1304 premitur,
438 1243 477 1284 ne
506 1223 651 1285 conuiciis
675 1223 804 1304 quidem
828 1222 896 1284 ullis
919 1223 1116 1284 uerecundae
1140 1242 1230 1284 aures
1253 1199 1473 1284 uerberantur.

240 1329 323 1391 nulla
345 1329 471 1410 publica
493 1329 599 1391 clades
623 1331 820 1410 prospicitur,
844 1328 928 1390 nulla
950 1329 1080 1409 priuata.
1116 1348 1181 1390 non
1204 1327 1351 1390 sollicitus
1375 1327 1475 1391 futuri

203 1454 226 1494 n
240 1438 360 1518 pendet
391 1456 433 1497 ex
457 1445 572 1497 euentu
595 1457 721 1517 semper
744 1437 908 1498 incertiora
932 1436 1123 1517 rependenti.
1170 1435 1300 1496 tandem
1324 1417 1368 1496 ibi
1394 1455 1473 1497 con-

239 1544 326 1618 stitit,
351 1525 436 1604 unde
458 1542 501 1604 nil
525 1563 597 1605 eum
620 1543 725 1625 pellat,
749 1544 802 1604 ubi
825 1542 899 1605 nihil
922 1552 1048 1605 terreat.
1072 1594 1074 1597 .

329 1650 401 1712 XX.
441 1649 471 1712 O
495 1652 622 1730 ignaros
646 1649 801 1712 malorum
824 1669 970 1724 suorum,
993 1649 1106 1731 quibus
1129 1669 1194 1710 non
1217 1669 1303 1711 mors
1326 1659 1360 1710 ut
1386 1653 1472 1730 opti·
1498 1655 1506 1706 l

240 1778 328 1820 mum
359 1757 520 1819 inuentum
552 1767 681 1818 naturae
712 1756 856 1818 laudatur
888 1765 1153 1838 expectaturque,
1189 1757 1255 1817 siue
1285 1754 1472 1819 felicitatem

240 1864 385 1938 includit,
409 1865 474 1926 siue
494 1861 710 1926 ¹calamitatem
734 1863 870 1945 repellit,
901 1865 966 1925 siue
989 1864 1168 1924 satietatem
1192 1883 1229 1924 ac
1251 1860 1473 1925 lassitudinem

203 1989 226 2028 u
240 1971 322 2033 senis
345 1972 501 2045 terminat,
524 1972 590 2032 siue
613 1970 745 2032 iuuenile
768 1990 883 2032 aeuom
907 1971 984 2031 dum
1009 1969 1139 2031 meliora
1153 1978 1320 2051 sperantur
1342 1970 1375 2030 in
1392 1969 1474 2032 flore

240 2078 366 2152 decutit,
389 2078 455 2139 siue
478 2078 642 2158 pueritiam
665 2085 738 2138 ante
763 2078 903 2139 duriores
927 2078 1043 2157 gradus
1064 2086 1202 2149 reuocat,
1225 2076 1375 2137 omnibus
1392 2074 1472 2152 finis,

241 2183 345 2246 multis
370 2184 553 2258 remedium,
576 2184 765 2266 quibusdam
790 2193 909 2256 uotum,
934 2185 975 2245 de
997 2182 1087 2245 nullis
1111 2181 1220 2244 melius
1244 2183 1356 2244 merita
1372 2203 1472 2266 quam

242 2293 283 2354 de
306 2292 350 2365 iis,
373 2292 416 2352 ad
439 2311 519 2373 quos
542 2292 627 2352 uenit
647 2300 816 2373 antequam
832 2292 1037 2353 inuocaretur.
1076 2289 1155 2353 haec
1170 2288 1354 2351 seruitutem
1371 2289 1505 2353 inuito?

242 2399 372 2460 domino
403 2399 541 2460 remittit.
588 2397 667 2461 haec
690 2400 887 2479 captiuorum
911 2407 1038 2460 catenas
1061 2397 1153 2459 leuat
1198 2395 1278 2458 haec
1301 2417 1320 2457 e
1342 2417 1472 2460 carcere

200 2521 226 2561 ro
242 2506 346 2567 educit
376 2526 457 2587 quos
488 2506 575 2567 exire
604 2506 769 2587 imperium
800 2507 946 2587 inpotens
970 2514 1122 2566 uetuerat.
1167 2503 1246 2567 haec
1270 2503 1418 2567 exulibus
1440 2506 1471 2566 in

240 2613 374 2692 patriam
420 2633 546 2693 semper
571 2614 727 2674 ‘animum
774 2612 946 2694 oculosque
983 2612 1185 2673 tendentibus
1221 2611 1361 2674 ostendit
1397 2610 1471 2673 nihil

240 2721 406 2794 interesse,
435 2719 513 2782 inlra
536 2741 616 2802 quos
639 2721 707 2801 quis
730 2721 839 2782 iaceat.
884 2720 971 2795 haec,
995 2719 1048 2781 ubi
1071 2740 1120 2782 res
1144 2720 1320 2781 communis
1344 2717 1471 2781 fortuna

241 2825 324 2888 male
355 2827 458 2888 diuisit
488 2835 520 2888 et
550 2846 653 2908 aequo
683 2827 748 2889 iure
780 2827 904 2907 genitos
935 2825 1029 2888 aliurn
1059 2825 1108 2886 alii
1133 2827 1277 2900 donauit,
1310 2835 1470 2908 exaequat

241 2932 355 2995 omnia.
401 2933 481 2996 haec
511 2943 575 3009 est,
604 2942 679 3015 post
706 2954 803 3014 quam
826 2933 899 2994 nihil
923 2934 1087 3014 quisquam
1110 2931 1212 2994 alieno
1235 2932 1309 2995 lecit
1331 2933 1469 2996 arbitrio.

201 3051 227 3093 ²⁵
241 3040 320 3102 haec
344 3050 407 3115 est,
435 3041 465 3102 in
488 3062 551 3122 qua
575 3061 671 3102 nemo
694 3039 902 3102 humilitatem
926 3059 1015 3101 suam
1038 3039 1142 3101 sensit
1189 3038 1268 3101 haec
1290 3048 1355 3114 est,
1388 3060 1470 3122 quae

239 3146 315 3209 nulli
344 3138 409 3209 non
438 3148 547 3229 patuit.
593 3147 671 3208 haec
702 3155 767 3221 est,
799 3146 933 3220 Marcia,
964 3166 1059 3228 quarn
1088 3154 1179 3226 pater
1206 3155 1278 3208 tuus
1302 3148 1470 3230 concupiit

241 3253 320 3314 haec
343 3263 404 3332 est,
427 3255 567 3335 inquam,
591 3274 673 3337 quae
696 3252 805 3326 efficit,
821 3275 823 3277 ·
837 3264 871 3315 ut
895 3253 979 3315 nasci
1001 3273 1066 3314 non
1089 3253 1129 3314 sit
1152 3252 1354 3334 supplicium,
1388 3274 1471 3336 quae

242 3357 344 3433 elficit,
368 3368 402 3421 ut
425 3379 490 3422 non
511 3360 675 3422 concidam
693 3361 843 3422 aduersus
859 3363 959 3427 minas
975 3380 1113 3434 casuum,
1137 3369 1172 3422 ut
1186 3360 1474 3452 seruare-animum

245 3573 457 3580 m

244 3731 354 3781 lnichil
455 3732 600 3781 innichilum
702 3691 850 3796 2aliquim
939 3734 968 3784 -ti
994 3748 1037 3781 cur
1061 3729 1182 3798 (addidit
1200 3748 1234 3783 m.
1253 3745 1308 3784 rec.
1328 3732 1372 3797 ru)
1391 3735 1473 3798 pentis

274 3875 275 3878 Ἴ
325 3821 341 3866 8
361 3821 478 3884 premitur
562 3822 577 3873 9
597 3821 681 3870 clades
700 3818 864 3873 deteriores:
886 3808 963 3870 'cladis
1047 3821 1164 3870 sollicitus
1183 3819 1346 3873 deteriores:
1369 3822 1474 3872 solliciti

328 3909 359 3960 ltl
382 3925 410 3958 ex
430 3916 515 3959 euentu
535 3907 593 3962 El:
620 3916 644 3959 et
662 3927 691 3959 ex
710 3916 795 3959 euentu
897 3927 994 3975 semper
1018 3910 1148 3958 incertiora
1172 3909 1315 3973 rependenti
1341 3906 1471 3979 Lipsius:

242 4014 338 4062 semper
357 3999 381 4045 in
400 3999 505 4047 certiora
531 4000 677 4062 dependenti
781 3999 810 4048 lii
831 4015 903 4048 euom
1002 3997 1032 4050 lss
1052 3999 1142 4047 decutit
1162 3996 1252 4050 Koch:
1273 3997 1375 4053 deducit

243 4123 346 4170 durioris
438 4122 470 4173 ln
489 4085 524 4171 his
544 4132 568 4171 at
588 4124 607 4188 (t
627 4137 699 4175 corr.
719 4122 747 4173 in
766 4123 793 4188 d)
883 4121 918 4174 20
937 4123 1041 4172 educitur
1132 4124 1156 4171 in
1176 4123 1280 4187 patriam
1300 4119 1471 4178 deteriores:

242 4212 266 4258 in
286 4212 365 4274 patria
467 4211 500 4262 21
521 4207 653 4260 tendentib'
676 4207 709 4278 (b'
730 4209 863 4276 additum)
964 4211 1087 4260 obstendit
1182 4212 1258 4260 nichil
1354 4210 1390 4264 22
1411 4229 1472 4277 quos

243 4296 299 4361 E',
324 4301 382 4382 quid
404 4297 532 4368 Siesbye:
559 4302 626 4365 quod
729 4299 761 4352 23
788 4306 890 4364 exequat
989 4297 1024 4351 ‘24
1048 4300 1108 4350 nihil
1128 4301 1256 4364 quisquam
1280 4298 1374 4352 rtesct'o
1394 4299 1470 4368 quis:

242 4440 318 4490 nichil
337 4442 468 4507 quicquam
564 4441 598 4495 26
618 4401 733 4507 concupit
780 4513 782 4517 y
829 4442 862 4495 27
882 4416 959 4516 indui}
977 4446 1069 4509 (corr,
1085 4438 1141 4508 fuit
1161 4441 1246 4507 inqua)
1329 4441 1365 4495 2⁸
1385 4399 1470 4492 casuin
