3046 5092
297 325 377 369 DlAL.
393 328 432 370 Xl.
460 327 501 367 ΑΙ)
518 326 653 368 HELVIAM
669 327 799 368 MATREM
816 328 855 367 DE
870 326 1112 370 CONSOLATIONE.
1144 330 1173 370 15.
1192 331 1223 371 16.
1305 333 1368 394 265

122 475 228 537 uicto
269 475 369 536 acrius
408 483 456 536 est
494 474 773 554 congrediendum.
819 494 883 534 non
921 494 963 534 ex
999 475 1117 535 intacto
1150 493 1283 556 corpore
1314 483 1370 536 tuo

126 581 270 661 sanguis
294 580 344 642 hic
367 580 478 642 fluxit:
504 602 561 662 per
584 583 666 661 ipsas
690 582 848 642 cicatrices
872 601 1019 661 percussa
1042 602 1084 642 es.

234 687 323 749 XVI.
369 688 444 749 Non
474 697 523 748 est
553 688 641 768 quod
674 688 768 748 utaris
800 689 1005 749 excusatione
1037 686 1195 749 muliebris
1226 687 1369 761 nominis

144 795 192 856 cui
222 783 326 876 paene
357 813 543 855 concessum
574 803 622 855 est
655 786 888 855 inmoderatum
921 795 950 855 in
974 794 1117 855 lacrimas
1141 794 1205 868 ius,
1237 814 1301 855 non
1325 795 1367 854 in-

147 921 290 963 mensum
314 910 430 963 tamen.
463 911 494 962 et
518 887 591 962 ideo
615 901 750 962 maiores
773 902 885 962 decem
910 921 1055 961 mensum
1079 902 1214 982 spatium
1237 899 1398 980 lugenti-⁶

146 1008 204 1069 bus
226 1008 311 1070 uiros
335 1009 508 1082 dederunt,
540 1017 574 1070 ut
602 1028 673 1068 cum
697 1008 867 1087 pertinacia
891 1006 1049 1069 muliebris
1073 1007 1223 1068 maeroris
1246 1005 1371 1087 publica

146 1115 370 1176 constitutione
401 1115 591 1176 deciderent.
616 1101 701 1174 ‘non
733 1113 960 1196 prohibuerunt
989 1114 1105 1187 luctus,
1138 1114 1195 1175 sed
1218 1102 1369 1175 linierunt.

145 1241 218 1283 nam
242 1230 275 1283 et
298 1220 418 1282 infinito
441 1220 568 1299 dolore,
593 1241 664 1282 cum
689 1220 824 1301 aliquem
849 1241 890 1281 ex
915 1221 1079 1282 carissimis
1103 1221 1255 1294 amiseris,
1279 1219 1371 1281 adfici

145 1327 251 1390 stulta.
271 1327 465 1407 indulgentia
495 1337 559 1402 est,
591 1337 623 1388 et
647 1326 731 1388 nullo
755 1326 924 1388 inhumana
948 1326 1076 1389 duritia:
1112 1328 1268 1408 optimum
1290 1328 1371 1390 ,inter

145 1436 297 1516 pietatem
322 1443 353 1495 et
377 1435 531 1496 rationem
556 1442 844 1514 temperamentum
868 1442 915 1494 est
939 1441 972 1494 et
994 1435 1109 1495 sentire
1133 1434 1320 1494 desiderium
1339 1442 1371 1494 et
1386 1449 1410 1490 10

95 1544 122 1599 {2
147 1543 335 1624 opprimere.
380 1561 445 1602 non
469 1550 517 1602 est
539 1541 627 1621 quod
650 1541 691 1600 ad
715 1541 870 1619 quasdam
894 1538 1025 1601 feminas
1048 1540 1209 1622 respicias,
1238 1561 1370 1620 quarum

146 1649 302 1711 tristitiam
341 1647 440 1709 semel
477 1656 637 1728 sumptam
676 1666 762 1708 mors
800 1646 906 1708 finiuit.
960 1647 1043 1708 nosti
1080 1648 1251 1727 quasdam,
1290 1667 1371 1727 quae

147 1755 266 1817 amissis
290 1754 357 1815 filiis
381 1755 516 1834 inposita
539 1753 682 1834 lugubria
705 1773 877 1834 numquam
902 1763 1073 1815 exuerunt:
1100 1762 1171 1815 ate
1186 1753 1256 1835 plus
1273 1754 1371 1833 exigit

146 1865 209 1924 uita
239 1862 281 1925 ab
313 1862 398 1923 initio
430 1860 548 1922 sortior.
594 1880 658 1921 non
686 1870 792 1941 potest
822 1858 979 1922 muliebris
1003 1861 1165 1922 excusatio
1189 1861 1371 1941 contingere

115 1976 129 2028 3
147 1969 180 2043 ei,
205 1989 225 2030 a
247 1989 311 2049 qua
333 1969 440 2030 omnia
464 1968 627 2030 muliebria
650 1969 724 2029 uitia
746 1967 896 2030 aluerunt
936 1988 1000 2029 non
1016 1977 1049 2040 te
1064 1967 1240 2029 maximum
1256 1967 1370 2029 saeculi
1388 1981 1411 2019 ¹⁵

105 2101 111 2107 ·
147 2075 281 2149 malum,
313 2075 507 2156 inpudicitia,
539 2076 569 2136 in
600 2095 766 2137 numerum
790 2073 923 2156 plurium
947 2074 1090 2138 adduxit.
1136 2094 1200 2136 non
1224 2095 1372 2154 gemmae

146 2192 192 2257 te,
224 2203 291 2243 non
321 2183 509 2263 margaritae
540 2181 705 2244 flexerunt.
751 2202 816 2242 non
846 2181 903 2244 tibi
932 2183 1059 2244 diuitiae
1087 2180 1172 2243 uelut
1196 2181 1370 2243 maximum

145 2289 269 2370 generis
300 2288 428 2350 humani
459 2289 579 2350 bonum
611 2286 804 2350 refulserunt.
850 2309 913 2349 non
944 2297 993 2362 te,
1025 2288 1106 2349 bene
1137 2289 1168 2348 in
1190 2288 1317 2368 antiqua
1340 2297 1372 2350 et

145 2416 256 2458 seuera
274 2396 451 2478 ,institutam
475 2397 592 2469 domo,
623 2394 798 2477 periculosa
821 2396 916 2457 etiam
940 2395 1049 2475 probis
1072 2394 1215 2475 peiorum
1239 2395 1372 2456 detorsit

143 2501 286 2564 imitatio,
318 2523 489 2582 numquam
514 2511 546 2564 te
569 2501 767 2565 fecunditatis
790 2511 872 2576 tuae,
895 2503 983 2581 quasi
999 2501 1209 2582 exprobraret
1224 2509 1371 2575 aetatem,
1386 2512 1411 2550 ‘2⁰

144 2609 265 2691 puduit
311 2629 484 2690 numquam
516 2630 604 2670 more
628 2608 774 2683 aliarum,
805 2609 918 2689 quibus
942 2609 1045 2669 omnis
1068 2608 1306 2670 commendatio
1330 2628 1372 2668 ex

144 2715 249 2777 forma
286 2717 416 2796 petitur,
453 2725 683 2777 tumescentem
723 2725 847 2777 uterum
879 2715 1072 2776 abscondisti
1103 2716 1191 2794 quasi
1223 2714 1372 2775 indecens
1421 2697 1422 2700 Ἴ

108 2830 123 2881 l
144 2843 233 2896 onuS,
258 2843 317 2884 nec
340 2823 419 2883 intra
442 2823 560 2883 uiscera
584 2831 638 2883 tua
661 2831 832 2902 conceptas
855 2842 929 2901 spes
952 2820 1123 2882 liberorum
1147 2819 1260 2882 elisisti.
1307 2841 1371 2882 non

142 2929 257 2990 faciem
281 2928 439 2990 coloribus
462 2949 499 2990 ac
521 2927 680 2990 lenociniis
695 2927 842 3011 polluisti.
872 2948 1046 3009 numquam
1062 2927 1119 2988 tibi
1135 2927 1252 3009 placuit
1267 2927 1370 3001 uestis,

144 3056 226 3116 quae
249 3034 323 3096 nihil
347 3035 479 3116 amplius
502 3036 644 3109 nudaret,
669 3056 740 3097 cum
763 3044 949 3116 poneretur:
976 3036 1101 3096 unicum
1125 3035 1181 3095 tibi
1203 3054 1369 3096 ornamen-
1385 3043 1411 3082 '2⁵

143 3150 230 3215 tum,
248 3140 467 3222 'pulcherrima
489 3149 522 3202 et
545 3141 618 3203 nulli
641 3142 783 3203 obnoxia
805 3143 900 3203 aetati
924 3141 1041 3215 forma,
1074 3143 1250 3203 maximum
1275 3141 1371 3202 decus

105 3249 214 3310 buisa
251 3257 299 3311 est
337 3248 491 3328 pudicitia.
538 3269 602 3310 non
641 3257 734 3330 potes
772 3250 877 3329 itaque
912 3250 954 3310 ad
986 3248 1193 3329 optinendum
1226 3247 1370 3309 dolorem

144 3354 298 3416 muliebre
320 3375 437 3416 nomen
461 3335 683 3435 praetendere,
707 3375 749 3416 ex
773 3375 837 3436 quo
861 3364 893 3416 te
918 3355 1048 3416 uirtutes
1071 3364 1145 3417 tuae
1167 3355 1370 3416 seduxerunt.

143 3470 268 3523 tantum
286 3460 392 3549 'debes
415 3482 434 3522 a
457 3459 641 3523 feminarum
665 3459 798 3522 lacrimis
822 3461 950 3536 abesse,
975 3470 1127 3542 quantum
1151 3481 1173 3521 a
1196 3461 1284 3522 uitiis.
1330 3482 1371 3522 ne

144 3567 279 3629 feminae
303 3568 431 3647 quidem
459 3578 491 3629 te
514 3568 616 3628 sinent
639 3567 834 3630 intabescere
858 3567 977 3630 uolneri
1000 3576 1065 3642 tu0,
1089 3569 1146 3629 sed
1170 3567 1230 3629 leni
1254 3585 1295 3628 ac*
1314 3588 1368 3628 ne·
1384 3586 1409 3624 au

144 3675 280 3736 cessario
305 3694 448 3735 maerore
471 3674 534 3735 cito
559 3673 739 3736 defunctam
763 3673 916 3736 iubebunt
940 3694 1108 3755 exurgere,
1132 3677 1157 3736 si
1181 3674 1279 3736 modo
1304 3672 1370 3736 illas

144 3939 159 3992 3
179 3914 332 3989 excusatione
347 3938 495 4007 (suprascr.
503 3954 537 3992 nr.
540 3937 599 4007 pr.)
666 3915 1035 4009 nomini⁵rsuprascr.m.pr.)
1103 3937 1329 3992 linsPiucr'anus:
1345 3932 1370 4006 ei

241 4080 256 4132 6
280 4081 383 4129 meroris
401 4080 501 4144 publica
520 4081 547 4146 (b
567 4079 594 4130 in
613 4081 681 4146 ras.)
795 4081 827 4134 13
853 4040 899 4130 filis
995 4084 1120 4146 expuerunt
1222 4080 1255 4133 ’15
1281 4056 1368 4131 ansuef.

236 4169 268 4221 19
288 4170 373 4235 probis
391 4166 553 4221 deteriores:
575 4170 672 4234 probris
762 4168 795 4220 25
816 4187 870 4219 eum
887 4177 1016 4235 poneretur
1029 4169 1151 4239 Zipsius:
1173 4175 1368 4233 componeretur.

229 4265 296 4327 post
314 4264 483 4307 ornamentum
502 4256 672 4326 interpunxit
692 4255 816 4311 Sabellus
906 4257 939 4310 27
965 4265 1034 4323 potes
1054 4259 1074 4324 (t
1088 4264 1153 4328 post
1165 4276 1176 4307 s
1189 4258 1279 4323 erasa)

144 4345 179 4399 28
202 4347 346 4412 pretendere
458 4345 491 4398 29
517 4346 614 4395 auitiis
633 4344 797 4400 deteriores:
817 4349 889 4397 uitiis.
987 4347 1021 4400 30
1045 4349 1093 4397 leni
1113 4365 1142 4404 ac
1163 4345 1271 4401 Haase:
1292 4349 1369 4399 leuior

232 4434 265 4487 31
287 4450 382 4484 merore
