3060 5078
314 117 390 159 ulan.
406 118 442 158 Vl.
472 117 513 156 ΑΙ)
528 117 670 159 MARCIAM
689 118 727 156 DE
742 117 987 159 CONSOLATIONE.
1019 122 1050 162 18.
1233 127 1290 186 14¹

10 264 20 316 Β
50 264 251 328 caelestium
290 262 392 326 officia
430 261 620 325 uoluentem.
671 263 792 325 uidebis
829 263 888 325 illic
923 260 1154 327 innumerabilis
1190 264 1296 328 stellas

48 373 202 446 micare,
218 366 355 432 ¹uidebis
385 391 448 432 uno
475 372 579 432 sidere
602 372 709 433 omnia
731 369 850 451 inplere
873 369 990 446 solem,
1021 373 1181 434 cotidiano
1198 393 1296 434 ¹cursu

47 479 125 541 diei
152 478 319 559 noctisque
342 479 444 558 spatia
466 478 652 556 signantem,
680 498 785 540 annuo
808 487 944 540 aestates
967 478 1151 560 hiemesque
1180 500 1294 560 aequa·

46 584 120 647 lius
149 585 352 647 diuidentem.
384 584 506 645 uidebis
529 593 717 645 nocturnam
740 582 831 646 lunae
855 587 1096 659 successionem,
1119 584 1296 647 afraternis

47 691 252 755 occursibus
274 689 344 752 lene
367 691 596 771 remissumque
619 689 725 752 lumen
749 699 947 753 mutuantem
964 699 997 753 et
1011 693 1112 753 modo
1128 691 1294 766 occultam,
1310 710 1322 745 5

45 799 170 861 modo
194 807 264 860 toto
287 818 344 860 ore
366 799 455 859 terris
478 799 699 872 inminentem,
729 799 961 860 accessionibus
984 789 1170 878 damnisque
1194 809 1295 860 muta-

10 910 20 961 l
46 905 184 979 bilem,
215 925 340 985 semper
369 905 535 986 proximae
563 905 758 967 dissimilem.
805 905 927 968 uidebis
957 907 1094 1003 quinque
1124 906 1228 968 sidera
1250 906 1295 966 di-

47 1033 177 1075 uersas
209 1013 335 1090 agentia
366 1013 431 1074 uias
462 1022 495 1074 et
525 1012 555 1073 in
588 1014 779 1074 contrarium
810 1013 973 1093 praecipiti
1004 1015 1124 1075 mundo
1148 1014 1293 1076 nitentia:

48 1141 102 1182 ex
141 1117 259 1180 horum
289 1117 451 1181 leuissimis
482 1119 620 1181 motibus
651 1119 794 1181 fortunae
831 1119 1021 1200 populorum
1053 1121 1235 1201 dependent
1265 1128 1320 1182 et·

48 1228 214 1289 maxima
243 1245 280 1287 ac
310 1227 439 1288 minima
460 1226 594 1307 proinde
617 1225 809 1302 formantur,
839 1235 934 1307 prout
957 1247 1093 1307 aequum
1116 1228 1297 1308 iniquumue
1313 1241 1337 1280 ¹⁰

47 1334 153 1396 sidus
193 1334 326 1394 incessit.
373 1332 535 1394 miraberis
573 1332 717 1395 conlecta
755 1333 861 1395 nubila
896 1344 928 1395 et
959 1335 1100 1396 cadentis
1135 1355 1233 1414 aquas
1265 1344 1297 1396 et

10 1440 23 1492 l
49 1434 203 1521 'obliqua
225 1438 353 1501 fulmina
375 1448 407 1500 et
430 1439 507 1501 caeli
529 1438 696 1519 fragorem.
728 1461 799 1502 cum
823 1444 955 1502 satiatus
970 1440 1151 1520 spectaculo
1167 1461 1295 1523 supero-

50 1568 141 1610 rum
182 1550 214 1609 in
252 1555 369 1608 terram
401 1547 511 1609 oculos
541 1546 705 1622 deieceris,
742 1549 878 1628 excipiet
907 1558 940 1609 te
970 1548 1029 1609 alia
1060 1547 1162 1609 forma
1192 1567 1296 1609 rerum

52 1655 223 1734 aliterque
258 1652 421 1716 mirabilis:
459 1653 532 1715 hinc
562 1674 747 1736 camporum
778 1657 809 1716 in
840 1653 992 1716 infinitum
1023 1655 1198 1735 patentium
1229 1653 1297 1716 fusa

53 1757 231 1842 planities,
269 1759 341 1821 hinc
379 1761 533 1823 montium
574 1762 696 1841 magnis
735 1770 767 1822 et
805 1760 957 1822 niualibus
992 1763 1186 1841 surgentium
1217 1761 1296 1841 iugis
1315 1776 1337 1814 ¹⁵

59 1870 168 1930 erecti
202 1868 233 1928 in
263 1866 396 1929 sublime
427 1868 570 1930 uertices.
617 1869 757 1930 deiectus
788 1867 950 1929 fluminum
982 1877 1015 1929 et
1043 1889 1084 1930 ex
1116 1888 1179 1929 uno
1210 1865 1299 1931 fonte

59 1975 99 2036 in
133 1974 333 2036 occidentem
365 1977 582 2055 orientemque
614 1974 715 2037 diffusi
744 1994 854 2036 amnes
878 1984 911 2036 et
933 1979 1064 2037 summis
1087 1975 1299 2037 cacuminibus

66 2101 205 2144 nemora
227 2083 368 2143 nutantia
391 2090 423 2143 et
445 2090 569 2143 tantum
592 2080 739 2144 siluarum
760 2103 833 2144 cum
850 2083 913 2144 suis
929 2081 1115 2144 animalibus
1131 2083 1298 2164 auiumque

27 2180 48 2234 5
71 2195 231 2250 concentu
254 2189 390 2250 dissono.
430 2189 505 2249 uarii
528 2189 651 2250 urbium
674 2189 751 2250 situs
774 2196 807 2250 et
829 2189 968 2251 seclusae
991 2190 1134 2252 nationes
1156 2188 1298 2251 locorum
1361 2222 1363 2227 .

73 2294 264 2368 difficultate,
287 2315 419 2376 quarum
443 2295 521 2360 aliae
536 2316 571 2357 se
586 2298 617 2357 in
634 2305 757 2357 erectos
773 2295 960 2357 subtrahunt
975 2305 1108 2371 montes,
1133 2296 1210 2358 aliae
1226 2297 1299 2378 ripis
1313 2309 1339 2350 ²⁰

74 2401 240 2463 accliuibus
262 2401 716 2481 pauidae‘circumfunduntur.
759 2404 868 2464 adiuta
891 2402 976 2466 cultu
999 2424 1092 2483 seges
1116 2413 1148 2465 et
1171 2402 1300 2465 arbusta

75 2509 139 2570 sine
177 2507 298 2570 cultore
334 2507 452 2570 fertilia.
498 2519 530 2570 et
565 2511 703 2572 riuorum
740 2508 817 2572 lenis
847 2512 928 2573 inter
957 2520 1048 2593 prata
1079 2511 1235 2573 discursus
1267 2520 1299 2573 et

72 2615 200 2678 amoeni
237 2615 322 2678 sinus
360 2626 392 2678 et
430 2615 522 2678 litora
552 2617 582 2677 in
613 2626 755 2698 portum,
773 2618 959 2679 recedentia.
1005 2637 1133 2699 sparsae
1163 2627 1213 2679 tot
1243 2637 1301 2698 per

40 2721 198 2784 tuastum
235 2720 368 2797 insulae,
407 2743 504 2804 quae.
526 2724 702 2786 interuentu
738 2743 796 2785 suo
826 2725 924 2785 maria
954 2725 1156 2804 distinguunt.
1203 2725 1298 2805 quid?

73 2918 86 2970 1
108 2918 248 2968 uoluentem
268 2916 432 2972 deteriores:
455 2920 576 2968 uolentem
672 2921 687 2970 2
706 2922 806 2982 micare,
826 2921 922 2968 uidebis
940 2915 1071 2987 Maduz'q:
1093 2920 1175 2968 nidere
1194 2920 1298 2991 micabis

164 3007 256 3072 inplere
274 3008 351 3056 solem
371 3005 467 3060 Gertz:
490 3008 594 3072 impleri,
615 3009 692 3057 solem
790 3008 805 3058 3
825 3009 874 3057 diei
894 3005 1058 3060 deteriores:
1080 3009 1120 3056 die
1210 3023 1298 3071 aequa-

70 3097 121 3146 lius
140 3092 243 3165 Haupt,
262 3097 385 3161 aequalius
403 3098 502 3161 quidem
518 3093 615 3149 Gertz:
637 3098 771 3161 equaliusq;
858 3100 874 3148 n
894 3103 946 3146 toto
965 3113 1008 3145 ore
1027 3094 1192 3149 deteriorum
1210 3111 1294 3148 nnus:

71 3191 110 3234 tot
130 3200 173 3234 ore
280 3185 313 3237 10
332 3187 467 3235 formantur
486 3183 651 3239 deteriores:
672 3188 791 3236 formatur
898 3202 1010 3250 equum*
1034 3187 1142 3250 iniquum
1161 3203 1191 3234 ue

74 3273 105 3326 11
129 3274 281 3324 miraberis*
388 3275 502 3324 conlecta
521 3271 658 3328 Muretus:
681 3277 776 3324 coiecta
879 3275 995 3324 'cadentis
1021 3273 1087 3342 (cad.
1108 3274 1190 3340 corr.)

73 3361 108 3415 12
122 3362 224 3413 fulmina
237 3360 401 3417 deteriores:
417 3365 517 3413 flumina
602 3365 726 3429 fragorem
739 3362 838 3433 uulqo:
857 3366 956 3429 fragore
1039 3380 1180 3428 superorum
1198 3362 1295 3432 Neripi:

70 3457 203 3516 superator
227 3449 287 3505 cod.
312 3469 471 3517 supernorum
496 3449 658 3514 Pincianus,
684 3468 737 3520 quo
762 3451 830 3521 quiri
847 3452 1026 3521 proficiatur„
1051 3468 1105 3505 non
1129 3449 1209 3504 uideo

71 3540 108 3593 13
130 3540 246 3590 deieceris
271 3539 435 3594 deteriores:
458 3543 573 3591 deiecerit
676 3543 756 3590 torma
776 3539 850 3613 cori,
875 3541 937 3594 item
956 3539 1057 3610 Neap„
1081 3539 1183 3594 Veneta
1201 3539 1298 3602 altera,

71 3626 211 3696 Muretus,
230 3627 355 3699 lipsium
376 3631 480 3692 fortuna,
499 3629 574 3699 qnod
585 3627 697 3683 Fickert
717 3633 852 3699 tamquam
866 3646 948 3682 arnam
962 3638 989 3682 et
1000 3629 1103 3683 codicis
1115 3637 1141 3682 et
1153 3629 1297 3682 editionum

69 3716 215 3773 lectionem
239 3717 266 3770 in
292 3724 396 3772 tearum
420 3719 535 3788 recepit,
559 3719 677 3788 primurn
702 3719 728 3770 in
754 3717 903 3788 Brponiina
927 3719 1020 3772 inueni
1027 3738 1033 3777 ;
1062 3717 1152 3788 decipi
1172 3734 1202 3770 se
1220 3732 1299 3786 passi

68 3846 142 3897 mnf
159 3839 261 3904 Haase,
283 3839 405 3912 Maduiq,
426 3841 508 3896 Gertz
613 3844 643 3896 ll
663 3807 818 3908 ininfinitium
921 3842 954 3895 17
974 3845 1052 3892 diffusi
1073 3840 1199 3896 Fickert:
1221 3842 1299 3892 delusi

68 3932 114 3998 (in
134 3946 221 4001 marn.
241 3947 275 3985 m.
296 3933 311 3982 3
337 3949 365 3980 ex
390 3949 438 3980 uno
464 3933 530 3982 fonte
556 3935 580 3981 in
605 3935 722 3983 orientem
749 3939 771 3982 et
796 3934 949 3983 occidentem
975 3949 1060 3981 amnes
1079 3932 1191 3993 diffundi)

67 4020 109 4075 20
131 4020 190 4085 ripis
209 4021 343 4069 acclinibus
365 4016 453 4072 Koch:
476 4022 534 4086 ripis
553 4022 723 4071 lacu-uallibus
742 4020 801 4074 cod.
822 4023 881 4086 ripis
900 4021 996 4070 lacuum
1016 4022 1172 4084 amniumque
1185 4015 1298 4087 Madniq

171 4145 255 4193 adiuta
274 4145 339 4194 cultu
357 4162 427 4208 seges
447 4144 547 4214 Neapz
575 4148 607 4194 ad
626 4148 676 4195 uita
701 4148 789 4194 fructus
808 4162 877 4210 seges
904 4147 926 4211 (s
938 4150 1006 4213 post
1024 4163 1038 4194 u
1058 4142 1121 4210 del.)
1213 4109 1298 4194 obusta

172 4231 206 4286 ‘22
226 4233 313 4282 fertilia
334 4233 434 4306 Nenp.:
456 4236 558 4287 feritatis
647 4234 679 4290 21
700 4236 778 4287 maria
799 4233 900 4308 Neap.:
921 4235 992 4299 paria
