3046 5092
738 87 755 113 0

164 343 224 403 172
382 339 461 383 olnL.
473 340 521 382 Vll.
551 339 592 379 AD
607 338 783 381 GALLIONEM
799 341 839 381 DE
853 341 925 382 VITA
940 343 1045 384 ΒΕΑΤΑ.
1076 345 1107 388 tn.
1122 346 1156 386 20.

158 489 223 548 curi
253 485 378 562 fecisse,
408 486 495 567 quod
526 485 584 549 sibi
615 485 721 566 gulam
752 492 935 568 praesecuit.
982 489 1032 552 alii
1064 489 1258 554 dementiam
1283 492 1384 554 uideri

159 592 268 656 uolunt
297 593 416 657 sactum
447 593 509 657 hoc
541 598 622 670 eiuS,
654 596 703 658 alii
726 599 954 658 temeritatem:
989 595 1039 659 ille
1062 599 1186 660 interim
1210 597 1326 662 beatus
1350 620 1388 661 ac

158 701 268 783 plenus
299 702 387 764 bona
417 705 610 765 conscientia
640 702 777 765 reddidit
807 703 866 765 sibi
895 706 1112 766 testimonium
1136 708 1201 767 uita
1224 707 1388 768 excedens

157 808 359 889 laudauitque
383 812 495 871 aetatis
520 813 550 871 in
574 820 669 890 portu
693 819 725 871 et
750 810 792 871 ad
815 830 964 872 ancoram
981 820 1071 873 actae
1087 815 1226 891 quietem
1243 822 1276 874 et
1293 814 1387 886 dixit,

131 917 245 997 equod
269 936 326 978 uos
349 919 437 978 inuiti
460 917 599 990 audistis,
623 919 711 998 quasi
735 915 826 978 uobis
849 938 976 998 quoque
999 917 1176 980 faciendum
1199 921 1256 982 sit:

391 1026 459 1083 Vixi
480 1033 607 1100 atquem
631 1028 748 1084 dederat
769 1046 880 1084 cursum
895 1030 1023 1103 fartana
1040 1030 1147 1104 peregi.

158 1131 199 1192 de
231 1129 356 1193 alterius
386 1133 467 1203 uita,
499 1133 539 1192 de
570 1130 696 1193 alterius
728 1141 832 1193 morte
865 1132 1031 1214 disputatis
1054 1142 1087 1194 et
1110 1133 1152 1194 ad
1175 1152 1295 1195 nomen
1320 1148 1423 1198 ma-‘t

157 1256 292 1316 gnorum
316 1235 360 1297 ob
384 1233 521 1318 aliquam
545 1241 697 1300 eximiam
720 1237 847 1300 laudem
870 1241 1026 1313 uirorum,
1049 1242 1130 1301 sicut
1153 1239 1195 1301 ad
1219 1260 1388 1302 occursum

157 1346 338 1423 ignotorum
369 1343 533 1406 hominum
565 1347 676 1407 minuti
707 1366 816 1420 canes,
846 1345 975 1408 latratis.
1022 1347 1154 1427 expedit
1185 1349 1270 1409 enirn
1295 1346 1390 1411 uobis

120 1471 143 1510 re
157 1452 315 1512 neminem
340 1452 437 1513 uideri
461 1451 590 1525 bonum,
615 1455 702 1531 quasi
726 1452 827 1514 aliena
850 1455 949 1515 uirtus
973 1454 1186 1533 exprobratio·
1195 1452 1388 1527 delictorum

158 1560 299 1619 omnium
330 1561 381 1621 sit.
427 1560 524 1621 inuidi
555 1558 720 1639 splendida
750 1581 822 1623 cum
845 1560 992 1622 sordibus
1016 1563 1128 1624 uestris
1152 1560 1302 1624 confertis
1326 1583 1388 1624 nec

157 1664 346 1745 intellegitis
369 1675 489 1745 quanto
512 1667 545 1728 id
568 1675 676 1727 uestro
700 1667 893 1729 detrimento
918 1667 1068 1730 audeatis.
1111 1688 1185 1729 nam
1209 1670 1235 1730 si
1258 1667 1310 1742 illi,
1335 1671 1388 1750 qui

157 1774 305 1855 uirtutem
328 1781 516 1853 sequuntur,
549 1776 650 1847 auari,
673 1773 1084 1853 libidinosi,‘ambitiosique
1108 1784 1196 1849 sunt,
1227 1777 1304 1855 quid
1329 1796 1389 1836 uos

157 1882 247 1953 estis,
278 1880 391 1960 quibus
420 1882 524 1960 ipsum
556 1900 674 1942 nomen
697 1883 820 1943 uirtutis
844 1881 919 1942 odio
943 1884 1011 1942 est?
1043 1884 1167 1960 negatis
1190 1895 1421 1963 quemquam3

120 1997 332 2066 repraestare,
363 2007 445 2066 quae
468 1985 621 2068 loquitur,
652 2008 711 2049 nec
733 1990 774 2049 ad
798 1985 963 2067 exemplar
987 1990 1137 2049 orationis
1161 2008 1236 2050 suae
1259 1990 1385 2050 uiuere:

157 2093 232 2172 quid
271 2096 400 2168 mirum,
439 2114 510 2155 cum
547 2092 717 2173 loquantur
752 2093 861 2168 fortia,
900 2096 1056 2173 ingentia,
1097 2095 1200 2155 omnis
1229 2094 1387 2157 humanas

157 2183 364 2280 tempestates
388 2201 576 2264 euadentia?
601 2221 671 2262 cum
695 2200 827 2280 refigere
851 2221 886 2262 se
908 2200 1051 2262 crucibus
1075 2210 1235 2275 conentur,
1258 2203 1291 2262 in
1307 2222 1387 2281 quas

158 2309 369 2387 unusquisque
393 2316 533 2369 uestrum
557 2306 665 2369 clauos
688 2328 763 2369 suos
786 2311 854 2387 ipse
874 2307 981 2387 adigit.
1014 2309 1055 2368 ad
1071 2306 1258 2389 supplicium
1276 2317 1386 2370 tamen

157 2415 218 2475 acti
248 2411 408 2492 stipitibus
438 2413 566 2494 singulis
596 2415 753 2495 pendent:
788 2413 835 2488 hi,
856 2413 920 2493 'qui
951 2416 981 2475 in
1012 2434 1047 2474 se
1077 2416 1136 2493 ipsi
1164 2416 1306 2476 animum
1331 2415 1386 2476 ad-

116 2542 142 2582 20
156 2529 299 2593 uertunt,
330 2528 410 2600 quot
441 2521 661 2602 cupiditatibus
685 2529 735 2583 tot
757 2522 899 2583 crucibus
922 2520 1151 2595 distrahuntur,
1183 2529 1215 2582 at
1240 2520 1387 2582 maledici

157 2636 188 2689 et
227 2626 256 2687 in
296 2626 429 2689 alienam
468 2626 692 2690 contumeliam
730 2628 853 2690 uenusti
891 2636 971 2689 sunt.
1025 2628 1187 2689 crederem
1225 2626 1284 2688 illis
1324 2625 1387 2688 hoc

157 2754 276 2809 uacare,
300 2735 506 2815 nisi-quidam
531 2755 573 2796 ex
596 2734 738 2816 patibulo
761 2755 819 2796 suo
842 2743 1038 2815 spectatores
1062 2742 1282 2814 conspuerent.

119 2866 136 2923 s
253 2841 325 2902 XX.
378 2841 452 2902 Non
495 2850 657 2923 praestant
699 2840 880 2922 philosophi
917 2861 998 2922 quae
1037 2839 1192 2920 loquntur.
1248 2839 1416 2905 multumt

156 2956 264 3009 tamen
287 2956 449 3029 praestant
472 2946 761 3029 quod-loquuntur,
785 2948 873 3028 quod
897 2947 1032 3010 honesta
1055 2957 1163 3010 mente
1184 2948 1382 3028 concipiunt:

116 3054 274 3116 mutinam
298 3056 427 3137 quidem
453 3055 499 3136 [si]
525 3063 557 3117 et
579 3057 666 3136 paria
689 3056 779 3117 dietis
800 3059 950 3136 agerent!
976 3056 1052 3135 quid
1068 3044 1152 3117 e'sset
1167 3053 1225 3116 illis
1241 3053 1385 3117 beatius?

155 3160 278 3223 interim
302 3183 366 3223 non
390 3170 438 3223 est
461 3162 549 3243 quod
573 3172 758 3224 contemnas
781 3162 867 3223 bona
895 3162 993 3224 uerba
1016 3169 1048 3224 et
1071 3162 1163 3223 bonis
1188 3160 1385 3242 cogitationi·

155 3267 214 3329 bus
246 3267 338 3350 plena
367 3269 561 3349 praecordia.
607 3269 784 3331 studiorum
813 3267 992 3331 salutarium
1017 3267 1119 3330 etiam'
1136 3269 1214 3330 citra
1237 3253 1387 3330 effectum

144 3492 173 3566 ’4
191 3516 347 3580 laudantque
366 3514 529 3569 deteriores:
551 3516 690 3580 laudante
777 3515 792 3567 5
812 3513 1072 3583 innumeraeque:
1093 3515 1171 3564 inuidi
1259 3514 1292 3569 10
1305 3516 1387 3565 auena

155 3620 251 3657 aarum
275 3619 334 3658 esse
351 3605 455 3674 rreqea't,
481 3604 635 3674 oppositam
655 3605 799 3655 delictorum
819 3605 929 3654 omnium
948 3602 1064 3671 requirit
1083 3620 1131 3652 una
1239 3605 1386 3670 exprobatio

156 3694 306 3743 delectorum
398 3693 429 3745 11
450 3695 527 3742 inuidi
547 3691 709 3747 deteriores:
731 3695 799 3742 inuiti
891 3691 924 3744 12
943 3692 1054 3741 audeatis
1072 3689 1170 3761 eulpa:
1192 3693 1298 3742 audiatis

158 3781 189 3834 15
209 3791 318 3847 prestare
407 3799 469 3847 quae
488 3783 592 3848 loquitur
606 3779 769 3835 Pincianus:
791 3783 957 3847 queeloquitur
970 3781 1033 3846 (nee,
1053 3784 1084 3833 ret
1095 3778 1212 3848 uidetur,
1232 3779 1261 3834 ὄπ
1272 3782 1385 3848 rasura)

1300 3878 1304 3883 ’
1374 3876 1382 3907 t

245 3927 362 3975 orationis
383 3921 547 3998 Pincianus:
569 3927 670 3974 rationis
767 3922 902 3988 18,adigit
920 3920 1061 3975 Muretus:
1088 3923 1166 3972 adicit
1260 3921 1296 3975 20
1320 3923 1388 3990 quod

213 4053 214 4056 ,
263 4023 288 4063 at
307 4012 364 4066 El:
386 4021 426 4064 aut
552 4015 667 4063 maledici
687 4020 710 4063 et
729 4010 818 4066 Koch:
840 4013 979 4062 maledicis
1005 4012 1086 4076 (ran,
1103 4009 1227 4078 fortasse
1246 4011 1279 4077 et)

156 4104 190 4156 22
209 4120 298 4152 uacare
317 4103 344 4155 r'n
363 4102 416 4157 det.
435 4118 524 4156 corr:
545 4119 637 4167 uagare
742 4118 786 4151 suo
805 4098 936 4170 Madur'q:
963 4116 1020 4149 suos
1039 4098 1097 4152 aad.
1118 4105 1237 4152 aeteram
1255 4098 1388 4153 sententia

157 4191 191 4245 rte
216 4207 270 4261 qua
296 4191 420 4245 dubitant
438 4190 553 4262 Madarra
579 4199 603 4245 et
626 4189 720 4255 Gertz,
745 4189 813 4243 haee
831 4197 884 4242 est:
911 4189 979 4256 ipsis
998 4186 1164 4241 contumeliis
1182 4203 1252 4256 qaas
1272 4188 1299 4240 in
1318 4186 1388 4241 alios

158 4279 315 4349 effunderet,
341 4281 406 4334 mita
425 4281 509 4349 fidem
530 4280 658 4349 facerent
680 4279 729 4332 atr'e'
752 4288 777 4332 et
796 4279 882 4333 bonae
898 4277 1043 4347 fortunae,
1068 4276 1123 4330 nisi
1139 4292 1177 4330 ex
1195 4275 1319 4346 patibulo
1337 4293 1387 4330 suo

160 4376 327 4438 spectatores
346 4371 549 4440 correpeentr'em
568 4368 694 4439 eaerrrplo
708 4367 902 4436 refellerentur
991 4367 1025 4420 23
1045 4373 1153 4446 prestant
1242 4383 1290 4433 que
1302 4367 1387 4432 loqun-

160 4465 197 4508 tur
288 4459 323 4511 24
341 4465 449 4524 prestant
540 4458 573 4511 25
593 4461 686 4509 utinam
705 4459 804 4522 quidem
824 4456 865 4525 [si]
887 4454 994 4510 Haase:
1015 4473 1073 4505 nam
1093 4457 1192 4521 quidem
1211 4457 1232 4505 si
