3046 5092
228 339 309 385 DIAL.
324 339 365 382 IX.
393 341 436 382 AD
451 337 593 382 SERENVM
603 342 649 407 'DE
662 325 928 392 TRANQVILLITATE
943 341 1041 385 ANIMI.
1069 343 1089 387 t.
1104 343 1124 386 8.
1221 348 1284 410 205

64 505 155 548 musa
172 471 217 548 'in
247 485 401 568 querellas
424 486 537 567 placet.
583 496 708 550 constet
730 487 770 550 illi
793 486 865 550 licet
886 487 967 550 fides
990 498 1023 552 et
1045 487 1282 551 beneuolentia:

62 590 277 673 tranquillitati
291 600 399 654 tamen
415 593 555 655 inimicus
570 602 619 656 est
635 607 743 655 comes
758 594 960 674 perturbatus
975 603 1009 656 et
1024 595 1131 656 omnia
1146 612 1292 682 gemens·

33 709 44 761 1
140 697 236 760 .VIII.
289 697 501 760 Transeamus
539 699 581 760 ad
618 700 823 779 patrimonia,
866 701 1039 762 maximam
1077 699 1285 761 humanarum

60 823 282 866 aerumnarum
306 805 479 867 materiam.
525 825 599 867 nam
622 806 647 867 si
670 805 777 867 omnia
799 804 871 880 alia,
899 805 1011 885 quibus
1034 806 1186 886 angimur,
1209 825 1284 866 con-

59 929 161 991 pares,
187 918 315 983 mortes,
337 911 582 990 aegrotationes,
606 921 718 986 metus,
735 912 898 986 desideria,
915 909 1061 973 dolorum
1078 911 1286 990 laborumque
1300 927 1312 964 ⁵

60 1009 257 1097 patientiam,
280 1035 353 1077 curn
376 1017 411 1078 iis
433 1036 515 1098 quae
537 1016 629 1079 nobis
652 1017 735 1079 mala
757 1019 889 1097 pecunia
911 1027 1019 1079 nostra
1041 1016 1185 1090 exhibet,
1208 1015 1287 1078 haec

27 1131 135 1204 2pars
162 1125 298 1184 multum
321 1122 550 1202 praegrauabit.
596 1123 702 1203 itaque
726 1123 933 1203 cogitandum
957 1132 1017 1197 est,
1045 1130 1165 1203 quanto
1187 1121 1287 1184 leuior

61 1227 157 1289 dolor
187 1228 228 1290 sit
257 1246 321 1288 non
351 1226 471 1289 habere
499 1247 596 1310 quam
626 1229 780 1309 perdere:
813 1236 846 1290 et
868 1228 1086 1308 intellegemus
1108 1229 1286 1309 paupertati

60 1353 101 1394 eo
125 1333 282 1394 minorem
305 1339 539 1396 tormentorum
561 1353 626 1415 quo
646 1335 801 1396 minorem
821 1336 1012 1396 damnorum
1026 1353 1096 1395 esse
1112 1334 1285 1396 materiam.

61 1457 149 1501 erras
172 1438 272 1512 enim,
302 1438 328 1499 si
349 1446 443 1519 putas
465 1438 635 1501 animosius
659 1440 847 1501 detrimenta
869 1439 981 1500 diuites
1003 1437 1102 1501 ferre:
1137 1439 1286 1501 maximis
1304 1450 1326 1490 ιο

25 1544 262 1624 3mmimisque
284 1543 469 1626 corporibus
491 1565 549 1626 par
571 1552 619 1606 est
643 1544 736 1606 dolor
758 1544 902 1606 uolneris.
947 1545 1026 1606 Bion
1051 1544 1212 1625 eleganter
1234 1544 1286 1619 ait,
1327 1615 1331 1622 ι

60 1670 127 1711 non
159 1649 260 1711 minus
291 1648 461 1711 molestum
485 1668 555 1712 esse
578 1649 672 1711 caluis
695 1669 790 1731 quam
814 1650 946 1712 comatis
973 1649 1053 1731 pilos
1076 1649 1154 1711 uelli.
1200 1651 1286 1712 idem

61 1756 142 1817 scias
165 1754 237 1816 licet
260 1754 301 1816 de
322 1755 512 1837 pauperibus
534 1754 814 1837 locupletibusque‚
837 1776 896 1837 par
914 1755 971 1818 illis
987 1776 1057 1818 esse
1072 1765 1283 1818 tormentum:

61 1862 203 1942 utrisque
234 1861 318 1923 enim
348 1863 480 1942 pecunia
509 1882 566 1923 sua
588 1862 735 1924 obhaesit
752 1852 816 1924 'nec
838 1863 905 1924 sine
927 1882 1020 1924 sensu
1043 1861 1148 1924 reuelli
1169 1871 1286 1944 potest.
1384 1933 1387 1936 ,
1419 1915 1422 1920 .

61 1966 256 2037 tolerabilius
287 1975 394 2030 autern
424 1977 488 2043 est,
520 1977 554 2030 ut
585 1969 665 2043 dixi,
680 1967 876 2049 ,faciliusque
907 1989 970 2030 non
1002 1969 1168 2050 adquirere
1190 1989 1286 2051 quam
1304 1982 1327 2020 ¹⁵

61 2075 216 2148 amittere,
240 2074 379 2154 ideoque,
400 2073 545 2136 laetiores
568 2075 690 2136 uidebis
712 2096 793 2156 quos
810 2083 983 2155 numquam
998 2074 1124 2136 fortuna
1140 2077 1287 2156 respexit,

23 2188 159 2261 4quam
187 2200 268 2262 quos
299 2181 444 2243 deseruit.
490 2181 567 2243 uidit
594 2179 658 2243 hoc
679 2181 857 2262 Diogenes,
889 2182 936 2242 uir
958 2182 1091 2261 ingentis
1115 2182 1225 2256 animi,
1256 2190 1288 2244 et

61 2273 185 2361 effecit,
209 2305 249 2347 ne
272 2287 347 2368 quid
370 2286 428 2348 sibi
452 2287 527 2368 eripi
549 2295 667 2369 posset.
713 2296 748 2350 tu
770 2287 855 2349 istud
878 2295 1116 2368 paupertatem,
1141 2288 1287 2368 inopiam,

62 2400 242 2473 egestatem
264 2413 353 2467 uoca,
377 2395 463 2474 quod
485 2393 573 2455 uoles
587 2395 831 2474 ignominiosum
848 2394 1005 2456 securitati
1020 2414 1138 2455 nomen
1153 2395 1284 2475 inpone:

61 2499 184 2580 putabo
208 2497 292 2560 hunc
315 2518 378 2560 non
402 2519 472 2562 esse
494 2499 632 2575 felicem,
662 2501 806 2582 siquem
830 2499 906 2561 mihi
928 2499 1023 2562 alium
1047 2501 1215 2574 inueneris,
1240 2500 1288 2561 cui
1301 2511 1328 2550 2⁰

62 2604 137 2667 nihil
159 2612 277 2686 pereat.
323 2613 377 2667 aut
400 2625 463 2686 ego
487 2604 585 2681 fallor,
608 2614 662 2668 aut
685 2625 819 2687 regnum
843 2614 891 2667 est
911 2607 992 2667 inter
1012 2624 1132 2680 auaros,
1156 2607 1286 2667 circum-

62 2713 251 2792 scriptores,
268 2708 436 2787 latrones,
463 2712 631 2793 plagiarios
654 2732 750 2773 unum
774 2732 860 2787 esse,
890 2713 939 2774 cui
961 2713 1069 2774 noceri
1091 2732 1156 2773 non
1178 2712 1288 2792 possit.

28 2826 42 2878 5
62 2819 88 2880 si
116 2819 186 2899 quis
209 2818 251 2879 de
274 2816 420 2885 felicitate
442 2819 594 2898 Diogenis
618 2818 757 2893 dubitat,
787 2826 894 2898 potest
917 2819 1002 2879 idem
1026 2817 1170 2880 dubitare
1191 2818 1289 2902 etde

62 2927 198 2987 deorum
221 2923 434 2986 inmortalium
458 2933 550 3000 statu,
574 2944 615 2986 an
637 2944 749 3007 parum
772 2925 867 2987 beate
890 2925 1016 3006 degant,
1040 2926 1127 3005 quod
1150 2924 1207 2986 illis
1229 2944 1288 2985 nec

61 3031 192 3111 praedia
215 3050 275 3092 nec
297 3030 381 3095 horti
403 3033 464 3094 sint
487 3051 546 3093 nec
568 3029 671 3092 alieno
694 3030 810 3092 colono
833 3052 906 3093 rura
927 3031 1066 3113 pretiosa
1087 3051 1146 3092 nec
1166 3030 1287 3111 grande
1302 3043 1328 3084 2⁵

62 3137 93 3198 in
123 3134 197 3198 foro
226 3134 342 3199 faenus.
387 3158 453 3199 non
475 3146 508 3200 te
530 3138 639 3219 pudet,
661 3137 799 3218 quisquis
822 3138 934 3200 diuitiis
958 3139 1129 3219 adstupes?
1167 3137 1288 3216 respice

63 3243 202 3322 agedum
224 3245 397 3305 mundum:
424 3245 528 3305 nudos
542 3243 665 3305 uidebis
681 3245 769 3318 deos,
785 3245 891 3307 omnia
908 3245 1020 3307 dantes
1035 3241 1110 3304 nihil
1125 3241 1288 3305 habentes.

63 3323 147 3410 lulnc
170 3357 205 3410 tu
219 3369 393 3432 pauperem
408 3359 502 3433 putas
517 3370 558 3411 an
573 3350 622 3411 dis
638 3349 855 3413 inmortalibus
870 3349 1014 3424 similem,
1037 3349 1090 3431 qui
1105 3368 1140 3410 se
1155 3348 1289 3411 fortuitis

34 3460 48 3512 t
64 3453 212 3517 omnibus
232 3455 340 3516 exuit?
370 3454 540 3518 feliciorem
556 3464 591 3517 tu
607 3455 807 3517 Demetrium
823 3456 1052 3538 Pompeianum
1067 3474 1171 3530 uocas,
1193 3474 1288 3536 quem

63 3580 126 3623 non
149 3558 262 3642 puduit
280 3559 519 3642 locupletiorem
536 3580 606 3623 esse
621 3561 797 3641 Pompeio?
828 3582 976 3653 numerus
992 3561 1033 3623 illi
1049 3561 1166 3623 cotidie
1181 3580 1287 3622 seruo·
1303 3571 1328 3612 30

63 3686 132 3727 rum
157 3664 245 3727 uelut
266 3667 448 3748 imperatori
472 3668 629 3729 exercitus
652 3666 855 3743 referebatur,
879 3668 926 3730 cui
947 3669 1009 3729 iam
1027 3667 1148 3729 dudum
1164 3666 1289 3729 diuitiae

66 3930 272 3982 lbeniuolentia
360 3918 505 3988 fertinatt
606 3930 813 3995 aegrotationes
914 3875 1034 3982 Gepibet
1136 3931 1182 3981 hec

65 4015 82 4070 7
97 4018 259 4084 pregrauabit
349 4016 365 4071 9
384 4020 494 4084 dapnott
507 4018 535 4085 (p
548 4017 576 4070 in
591 4017 647 4086 fine
659 4033 758 4079 uersus
771 4034 853 4072 manu
866 4034 920 4072 rec.
934 4017 1040 4082 addita)
1131 4016 1168 4070 14-
1184 4019 1288 4082 utrisque

67 4155 227 4212 Hndmus:
248 4159 340 4223 utrique
449 4157 481 4210 15
507 4117 624 4223 acqurere
648 4161 689 4224 (cq
708 4157 793 4227 corr.)
904 4159 936 4210 lli
961 4160 1071 4240 letiores
1165 4158 1199 4211 25
1222 4159 1289 4207 horti

69 4283 92 4345 (h
110 4283 204 4349 erasa)
294 4283 403 4347 pretiosa
492 4279 527 4335 26
545 4283 614 4346 fenus
632 4279 670 4349 cf.
692 4279 845 4345 Brambuclt
867 4278 941 4335 Orllt.
955 4297 987 4350 p.
1009 4284 1058 4332 104
1148 4278 1183 4334 27
1203 4255 1288 4330 dantes

68 4420 140 4473 uum
161 4399 282 4472 sabare*
301 4399 346 4490 (10⁵
366 4420 407 4474 us
425 4423 509 4489 corr.)
600 4421 635 4475 28
654 4380 700 4472 uls
719 4422 750 4491 (rs
769 4421 831 4490 rer.)
922 4422 1057 4480 ramniu
