3046 5092
424 338 558 382 nrnL.1v.
586 340 627 379 DE
642 340 694 380 IRA
709 340 764 384 LlB,
780 340 809 383 ll.
841 342 872 384 10.
1220 346 1260 408 63

51 487 128 565 quod
146 493 288 566 peccant,
302 484 436 546 irascere
452 484 632 547 infantibus:
659 486 818 566 peccaturi
833 494 913 548 sunt.
949 506 1025 546 num
1041 489 1109 568 quis
1124 488 1264 550 irascitur

54 593 147 674 pueris,
173 611 320 673 quorum.
339 600 427 653 aetas
451 591 592 653 nondum
616 593 705 654 nouit
727 612 831 652 rerum
855 592 1052 653 discrimina?
1091 595 1191 655 maior
1215 603 1263 656 est

38 699 198 766 aeneusatio
222 707 256 761 et
278 698 387 759 iustior
409 697 572 759 hominem
595 717 665 759 esse
688 718 783 779 quam
807 719 948 780 puerum.
993 699 1055 761 hac
1077 690 1282 762 condicione'

10 824 13 885 ρ
61 807 107 867 nati
126 824 237 879 sumuS,
261 802 406 866 animalia
429 803 571 867 obnoxia
593 825 658 866 non
681 805 879 885 paucioribus
900 808 995 868 animi
1009 828 1105 888 quam
1121 809 1262 888 corporis

46 936 52 947 ··
62 911 169 986 morbis,
200 931 266 973 non
297 912 424 993 quidem
458 911 572 974 obtusa
595 931 653 973 nec
675 912 776 986 tarda,
799 913 857 975 sed
880 914 1027 974 acumine
1046 922 1156 975 nostro
1180 913 1288 976 males

62 1005 180 1092 utentia,
197 1016 277 1079 alter
307 1017 397 1080 alteri
427 1020 574 1101 uitiorum
606 1017 762 1100 exempla.
809 1020 946 1100 quisquis
976 1022 1115 1102 sequitur
1142 1022 1262 1102 priores

63 1123 122 1185 nale
141 1126 197 1185 iter
220 1125 396 1204 ingressos,
428 1125 536 1205 quidni
558 1123 676 1186 habeat
699 1127 946 1200 exeusationem,
969 1146 1041 1188 cum
1064 1125 1190 1208 publica
1213 1129 1263 1188 uia
1337 1130 1340 1135 '

41 1232 199 1293 lenauerit?
222 1232 255 1292 in
270 1229 410 1311 singulos
425 1232 575 1293 seueritas
590 1232 788 1311 imperatoris
804 1232 1012 1312 distringitur:
1039 1242 1072 1294 at
1087 1235 1263 1295 necessaria

63 1338 129 1398 uenia
147 1345 204 1411 est,
235 1336 289 1399 ubi
311 1345 398 1425 totqs
421 1337 559 1399 deseruit
581 1338 746 1399 exercitus.
792 1339 868 1418 quid
891 1338 973 1401 tollit
995 1340 1073 1401 iram
1095 1341 1261 1420 sapientis?

63 1441 131 1504 turba
156 1445 364 1524 peccantium.
409 1442 562 1523 intellegit
592 1464 688 1523 quam
720 1453 752 1505 et
782 1444 896 1506 inicum
927 1446 967 1507 sit
997 1454 1030 1508 et
1051 1444 1261 1526 periculosum
1277 1467 1302 1506 ro

42 1547 127 1611 tirasci
158 1549 287 1631 publico
317 1551 402 1612 uitio
464 1549 641 1612 Heraclitus
680 1553 826 1630 quotiens
864 1552 1026 1632 prodierat
1066 1560 1098 1613 et
1137 1560 1261 1613 tantum

64 1653 121 1716 circa
145 1676 178 1718 se
209 1655 294 1718 male
321 1657 509 1730 uiuentium,
539 1658 639 1718 immo
663 1655 747 1718 male
769 1658 967 1739 pereuntium
989 1658 1125 1733 uiderat,
1155 1657 1261 1733 flebat,

48 1760 240 1825 'miserebatur
279 1764 421 1826 omnium
461 1764 514 1844 qui
543 1762 602 1824 sibi
633 1761 706 1824 laeti
736 1762 903 1844 felicesque
933 1765 1156 1840 occurrebant,
1195 1767 1267 1827 miti

64 1867 148 1943 animo,
169 1871 228 1931 sed
252 1871 343 1931 nimis
366 1869 527 1931 inbecillo:
555 1878 587 1931 et
610 1871 678 1950 ipse
699 1871 780 1931 inter
795 1869 1010 1953 deplorandos
1026 1880 1100 1932 erat.
1138 1872 1259 1933 Demo-

64 1973 145 2036 cn'tum
174 1985 286 2038 contra
315 1977 401 2038 aiunt
428 1997 601 2056 numquam
632 1977 698 2038 sine
728 1978 790 2038 risu
820 1978 852 2037 in
875 1976 1001 2059 publico
1024 1976 1136 2039 fuisse:
1178 1979 1300 2044 adeon
1367 1971 1373 1984 ’

64 2076 116 2140 nihil
134 2080 172 2143 illi
195 2082 362 2144 uidebatur
384 2084 500 2145 serium
524 2103 643 2157 eorum,
667 2103 749 2163 quae
771 2084 853 2145 serio
877 2083 1076 2164 gerebantur.
1122 2084 1175 2145 ubi
1194 2085 1261 2146 istic

43 2181 107 2246 lirae
125 2187 208 2250 locus
231 2193 297 2249 est?
327 2197 382 2251 aut
404 2190 538 2251 ridenda
560 2189 668 2251 omnia
695 2197 749 2251 aut
772 2188 879 2251 flenda
900 2197 981 2251 sunt.
1027 2210 1092 2251 non
1114 2191 1276 2252 irascetur

63 2292 157 2372 sapiens
187 2295 401 2375 peccantibus,
447 2298 564 2375 quare?
603 2296 675 2376 quia
702 2297 760 2357 scit
786 2297 946 2358 neminem
969 2297 1056 2357 nasci
1077 2297 1262 2378 sapientem,

42 2399 102 2458 ¹sed
119 2397 192 2476 fi‘eri,
224 2403 283 2463 scit
305 2380 513 2483 paucissimos
536 2403 622 2462 omni
646 2422 727 2462 aeuo
751 2402 900 2483 sapientis
923 2403 1067 2477 euadere,
1091 2403 1163 2483 quia
1186 2423 1260 2464 con-

63 2501 187 2571 dicionem
211 2507 370 2569 humanae
392 2509 476 2569 uitae
498 2516 698 2589 perspectam
722 2506 837 2570 habet:
878 2527 974 2570 nemo
1002 2517 1108 2569 autem
1132 2517 1261 2570 naturae
1275 2533 1301 2573 ro

63 2625 130 2674 sanus
147 2615 295 2676 irascitur.
334 2614 410 2695 quid
433 2615 525 2684 enim,
548 2615 574 2675 si
597 2615 701 2675 mirari
724 2613 799 2674 uelit
821 2633 887 2675 non
902 2615 933 2675 in
948 2613 1141 2676 siluestribus
1157 2615 1260 2676 dumis

62 2733 133 2792 poma
152 2722 310 2804 pendere?
348 2721 432 2800 quid,
456 2722 481 2781 si
504 2721 634 2782 miretur
656 2721 780 2801 spineta
802 2727 971 2800 sentesque
994 2740 1060 2781 non
1078 2720 1143 2781 utili
1158 2720 1261 2800 aliqua

43 2817 126 2904 llruge
145 2826 304 2910 conpleri?
335 2847 431 2888 nemo
447 2827 595 2902 irascitur,
619 2826 673 2888 ubi
689 2827 798 2889 uitium
814 2834 925 2887 natura
940 2824 1089 2888 defendit.
1119 2826 1260 2908 placidus

63 2925 140 3012 itaque
174 2935 300 3015 sapiens
338 2941 370 2994 et
400 2952 517 3014 aequus
548 2933 722 3010 erroribus,
761 2953 826 2994 non
858 2931 974 3006 hostis,
1012 2933 1070 2993 sed
1101 2941 1261 2994 corrector

32 3054 33 3059 ¹
63 3037 246 3116 peccantium,
284 3038 347 3101 hoc
381 3040 498 3101 cotidie
527 3040 672 3121 procedit
703 3040 827 3103 animo:
871 3037 959 3099 multi
990 3037 1066 3099 mihi
1095 3048 1259 3100 occurrent
1275 3064 1299 3104 is

64 3138 113 3202 uino
133 3146 239 3220 dediti,
270 3145 359 3208 multi
381 3145 553 3220 libidinosi,
578 3143 668 3207 multi
690 3146 812 3225 ingrati,
835 3142 925 3206 multi
947 3143 1041 3218 auari,
1065 3142 1154 3205 multi
1176 3143 1259 3205 furiis

65 3246 210 3314 ambitionis
233 3252 353 3332 agitati.
391 3253 498 3313 omnia
520 3253 579 3314 ista
598 3260 664 3313 tarn
687 3252 840 3343 propitius
864 3249 1014 3332 adspiciet
1034 3271 1130 3331 quam
1145 3271 1259 3331 aegros

66 3389 244 3410 x.—

67 3485 212 3548 infantibus:
239 3499 365 3564 peccaturi
382 3504 444 3547 sunt
468 3496 576 3550 Haase:
604 3479 743 3554 insanrimq
761 3498 886 3562 peccaturi
911 3502 965 3545 sunt
1054 3496 1069 3549 3
1089 3497 1201 3546 editione
1220 3497 1258 3564 (in

1231 3579 1245 3604 U
1339 3604 1341 3609 .

66 3615 111 3682 111)
195 3622 211 3675 6
237 3623 299 3672 alter
323 3623 393 3671 alteri
416 3619 554 3674 litteratas:
581 3622 659 3670 altera
684 3623 754 3670 alteri
850 3620 866 3672 ὃ
892 3627 916 3670 at
941 3620 1034 3687 (corr.)
1133 3619 1165 3672 10
1190 3622 1258 3702 inicii

67 3696 83 3789 ll
94 3711 276 3780 suprascripsit
299 3715 326 3762 et
348 3726 362 3759 c
388 3709 415 3762 in
439 3726 455 3775 q
480 3707 594 3762 mutauit
618 3724 651 3762 m.
671 3706 701 3760 al
710 3709 728 3774 .)
840 3709 1035 3775 131etrlcorr.
1055 3707 1083 3759 r'a
1101 3708 1169 3774 ras.)

66 3793 76 3824 ,¹
172 3797 177 3806 .

68 3797 341 3922 ssacqnptraanofflpmscr.
360 3867 394 3903 m.
413 3850 480 3917 rec.)
541 3852 581 3901 sili
601 3850 630 3917 (fr
649 3849 677 3901 in
695 3849 762 3915 ras.)
831 3850 863 3902 16
883 3856 993 3914 eoruque
1012 3852 1051 3912 (ue
1070 3848 1098 3901 in
1117 3849 1185 3915 ras.)

67 3925 103 3981 istic
116 3939 156 3989 irae
174 3938 338 3993 Pincianus:
361 3936 473 3990 isticclne
492 3941 572 4002 (coine
591 3938 619 3991 in
637 3953 704 4000 ras,
729 3936 796 4007 qaid
814 3943 877 3992 anta
893 3936 983 4006 faerit
1000 3953 1053 3990 non
1072 3945 1203 4006 apparet3
1230 3937 1256 3991 in

68 4026 200 4092 1111111111.
214 4033 230 4080 4
245 4045 267 4080 c.
280 4030 319 4077 isti
333 4044 405 4092 scene
418 4027 538 4093 isticcine)
613 4026 645 4080 19
659 4029 719 4089 fieri,
738 4028 784 4075 scit
802 4026 969 4096 interpunqit
983 4023 1079 4085 Germ
1100 4024 1183 4095 aulqo
1197 4027 1256 4079 fieri.

337 4139 341 4145 .
691 4113 717 4148 es

69 4157 99 4207 ⁵⁴²st
162 4172 228 4220 omni
248 4186 294 4233 euo
314 4170 350 4236 (ni
368 4186 382 4233 9
403 4169 431 4221 in
449 4171 517 4233 ras.)
601 4114 717 4233 sapieitis
736 4167 888 4237 (suprascr.
908 4183 942 4221 m.
962 4166 1029 4232 rea.)
1120 4167 1152 4219 21
1172 4167 1257 4217 r'riirari

69 4242 218 4327 1111111911.
237 4262 254 4310 4
273 4275 295 4312 c.
314 4258 382 4323 irari)
486 4258 519 4310 22
544 4259 639 4322 spineta
658 4257 694 4324 (ta
712 4256 797 4323 corr.)
894 4256 928 4308 ‘23
953 4256 1072 4320 compleri
1171 4255 1206 4307 24
1230 4270 1256 4318 ει

69 4345 157 4395 cllfrector
174 4347 210 4412 (ira
221 4346 290 4412 rar.)
363 4346 459 4399 ‘abhoc
479 4347 571 4396 cotidie
590 4346 731 4414 (posthoc
750 4360 815 4404 ras,
836 4361 867 4394 co
887 4346 969 4408 corr.)
1041 4345 1159 4408 procedet
1175 4341 1257 4398 Gertz

118 4429 143 4483 27
159 4437 257 4501 aspiciet
