3046 5092
157 323 214 383 124
240 303 247 309 “
403 315 483 359 orac.
499 317 537 360 vt.
566 316 607 356 aa
622 315 765 357 usnemu
781 315 820 356 ns
835 315 1078 359 cousonnarona.
1094 319 1127 359 a.

153 465 260 526 itinere
283 463 426 545 reliquias
441 463 535 525 Drusi
559 464 604 524 sui
627 471 795 544 prosecuta
818 470 867 524 tot
890 482 947 543 per
970 481 1099 523 omnem
1117 460 1241 524 Italiam
1267 463 1380 524 arden-

153 570 236 632 tibus
260 572 353 652 rogiS,
377 571 464 652 quasi
488 571 603 632 totiens
619 570 704 631 illum
721 571 888 644 amitteret,
912 570 1043 645 inritata,
1068 577 1102 630 ut
1117 570 1254 650 primum
1271 578 1382 630 tamen

153 676 253 739 intulit
276 677 414 752 tumu10,
446 676 537 738 simul
570 685 601 749 et
624 676 711 749 illum¹
734 686 766 738 et
789 676 933 738 dolorem
964 697 1055 738 suum
1079 677 1198 757 posuit,
1228 696 1290 737 nec
1312 675 1384 757 plus

154 784 252 846 doluit
280 804 376 865 quam
407 794 461 845 aut
491 783 659 845 honestum
692 793 760 850 erat
790 785 820 844 in
845 783 979 845 Caesare
1011 792 1064 845 aut
1095 802 1230 863 aequum
1255 784 1285 844 in
1310 781 1383 844 filio.

127 909 217 951 cnon
248 891 339 952 desiit
370 891 505 971 denique
529 891 621 952 Drusi
653 891 699 952 sui
727 889 887 972 celebrare
910 909 1042 965 nomen,
1075 889 1191 971 ubique
1213 888 1301 951 illum
1326 889 1385 951 sibi

153 998 298 1078 priuatim
323 997 510 1078 publiceque
533 1006 778 1079 repraesentare,
801 996 1005 1058 libentissime
1029 999 1070 1056 de
1085 995 1137 1058 illo
1154 995 1248 1077 loqui,
1273 995 1315 1056 de
1331 994 1410 1056 illo·

153 1093 278 1165 audire:
314 1125 384 1165 cum
410 1105 562 1165 memoria
585 1103 663 1165 illius
686 1105 772 1166 uixit.
823 1124 918 1186 quam
942 1123 1038 1165 nemo
1062 1111 1169 1184 potest
1192 1103 1329 1164 retinere
1352 1111 1384 1163 et

153 1210 367 1292 frequentare,
399 1212 451 1292 qui
481 1210 564 1272 illam
599 1211 719 1272 tristem
750 1211 808 1272 sibi
831 1212 977 1272 reddidit.
1024 1209 1104 1291 elige
1126 1210 1246 1291 itaque,
1278 1218 1382 1270 utrum
1402 1221 1415 1270 :t

154 1318 339 1398 exemplum
369 1328 461 1398 putes
492 1317 704 1399 probabilius:
740 1319 765 1380 si
793 1317 868 1379 illud
891 1320 975 1400 prius
998 1317 1085 1398 sequi
1109 1318 1171 1392 uis,
1203 1317 1328 1378 eximes
1351 1323 1383 1376 te

117 1441 140 1478 ¹0
155 1445 289 1486 numero
318 1425 468 1486 uiuorum.
515 1425 708 1487 auersaberis
731 1434 764 1487 et
786 1425 904 1487 alienos
927 1425 1042 1487 liberos
1066 1433 1098 1487 et
1120 1433 1193 1487 tuos
1217 1423 1383 1505 ipsumque

154 1552 249 1613 quem
274 1533 443 1607 desideras,
466 1533 554 1593 triste
570 1532 722 1593 matribus
739 1553 834 1595 omen
851 1552 1003 1607 occurres
1027 1531 1205 1612 uoluptates
1221 1529 1383 1604 honestas

154 1639 338 1721 permissas,
369 1647 530 1719 tamquam
562 1659 673 1721 parum
705 1640 839 1701 decoras
869 1637 1013 1700 fortunae
1036 1648 1110 1700 tuae
1133 1638 1256 1712 reicies,
1288 1636 1383 1696 inuita

73 1780 75 1784 ι
154 1744 299 1806 haerebis
321 1746 351 1806 in
368 1744 436 1806 luce
452 1754 484 1807 et
500 1747 598 1808 aetati
606 1755 693 1820 tuae,
717 1745 803 1828 quod
821 1766 885 1807 non
900 1746 1083 1827 praecipitet
1099 1754 1131 1806 te
1147 1743 1383 1826 quamprimum

155 1860 187 1912 et
209 1850 311 1927 finiat,
343 1850 541 1914 infestissima
564 1854 631 1914 eris.
678 1855 765 1933 quod
789 1853 1002 1935 turpissimum
1025 1851 1312 1932 alienissimumque
1336 1857 1384 1909 est

117 1976 139 2015 u
155 1960 259 2020 animo
290 1969 346 2020 tuo
376 1961 407 2021 in
439 1959 602 2021 meliorem
633 1968 712 2022 noto
743 1968 882 2040 partem,
915 1959 1065 2021 ostendes
1098 1966 1130 2019 te
1158 1959 1266 2020 uiuere
1289 1953 1384 2046 nolle,

155 2066 235 2127 mori
274 2087 338 2126 non
375 2087 477 2148 posse.
532 2067 556 2127 si
595 2068 635 2127 ad
675 2065 738 2128 hoc
773 2068 934 2127 maximae
969 2064 1104 2126 feminae
1134 2074 1166 2126 te
1197 2063 1417 2145 exempluml

155 2171 338 2252 adplicueris
363 2173 555 2234 moderatius
579 2173 692 2247 mitius
716 2193 779 2234 non
800 2175 860 2235 eris
876 2173 907 2232 in
922 2145 1078 2233 aerumnis
1093 2190 1152 2233 nec
1167 2180 1199 2233 te
1215 2171 1386 2232 tormentis

156 2280 338 2341 macerabis.
376 2299 457 2360 quae
481 2281 573 2353 enim,
597 2279 724 2354 malurn,
748 2280 886 2340 amentia
909 2288 957 2340 est
977 2299 1097 2360 poenas
1112 2298 1132 2338 a
1147 2296 1181 2339 se
1196 2274 1386 2338 infelicitatis

156 2386 284 2465 exigere
314 2394 346 2447 et
377 2385 460 2447 mala
491 2406 547 2447 sua
577 2406 641 2447 non
669 2387 826 2462 minnere,
859 2386 919 2447 sed
938 2389 1074 2466 augere?
1121 2404 1216 2467 quam
1240 2385 1272 2445 in
1296 2385 1387 2445 omni

115 2492 220 2554 uuita
244 2493 373 2554 seruasti
397 2513 521 2553 morum
545 2493 737 2574 probitatem
762 2503 794 2555 et
817 2495 1049 2567 uerecundiam,
1072 2495 1103 2555 in
1125 2493 1185 2553 hac
1205 2511 1388 2580 quoquere

155 2599 348 2681 praestabis:
383 2609 430 2661 est
461 2601 543 2661 enim
567 2589 724 2680 quaedam
748 2610 780 2662 et
804 2594 933 2662 dolendi
958 2601 1122 2686 modestia.
1168 2598 1256 2660 illum
1281 2601 1386 2680 ipsum

156 2705 309 2781 iuuenem,
334 2707 559 2804 dignissimum,
579 2707 632 2788 qui
647 2717 680 2769 te
695 2706 812 2770 laetam
828 2727 953 2789 semper
968 2690 1148 2799 nominatus
1163 2707 1388 2788 cogitatusque

158 2972 173 3023 3
194 2978 216 3020 et
235 2972 302 3021 illum
321 2988 382 3024 cunc
403 2970 488 3042 Neap.
508 2970 616 3024 inclusit
636 2969 783 3024 Pincianus
802 2972 871 3024 satis
890 2969 1028 3045 ethantcr
1123 2969 1304 3022 icesare'aut
1324 2989 1388 3038 equo

138 3061 241 3110 ·maluo
267 3044 340 3125 coit,
365 3059 438 3114 unde
462 3063 487 3110 in
506 3063 613 3112 Caesare
639 3067 678 3110 aut
703 3078 804 3125 aequum
830 3063 854 3109 in
875 3061 925 3109 filio
951 3057 1042 3128 effecit
1060 3057 1189 3129 Modut'p:
1219 3061 1330 3110 Caesare
1349 3072 1390 3110 aut

160 3166 261 3214 aequum
289 3151 366 3200 altero
392 3151 442 3200 srlio
466 3151 535 3200 saluo
563 3147 660 3213 Gertz,
692 3150 741 3219 qut
764 3149 864 3202 intorto
888 3147 1026 3202 contendit
1053 3138 1178 3203 Caesaris
1201 3149 1312 3202 nominc
1336 3149 1393 3202 ntb't'

160 3241 309 3308 Atcpustum
322 3239 476 3308 sicntficurt‘
490 3255 545 3292 non
561 3255 659 3308 possm
679 3255 752 3304 quam
767 3245 806 3289 aut
820 3240 949 3288 honestum
962 3246 1014 3288 erat
1027 3247 1066 3288 aut
1080 3254 1183 3304 aequum
1196 3239 1265 3287 saluo
1279 3239 1391 3288 Caesare

162 3324 302 3381 Schultess
324 3344 414 3397 praua
438 3327 544 3382 honesti
567 3334 593 3380 et
616 3328 698 3398 aequi
720 3327 829 3381 natione
854 3328 1039 3397 contraposita
1159 3327 1290 3392 oubiq3a

161 3418 175 3467 u
200 3418 324 3481 pupliceq;
418 3417 433 3469 7
457 3434 512 3467 cum
531 3420 652 3468 memoria
675 3418 738 3467 illius
757 3419 816 3467 uixit
839 3434 913 3482 quam
932 3415 1040 3470 Haase:
1068 3433 1123 3466 cum
1142 3417 1263 3466 memoria
1281 3417 1329 3467 lius
1349 3418 1390 3484 uix

250 3507 396 3555 memoriam
416 3513 497 3556 autem
516 3524 589 3556 nemo
609 3512 688 3572 potest
704 3503 794 3569 Gertz,
812 3509 958 3556 memoriam
978 3508 1042 3554 enim
1061 3522 1133 3554 nemo
1152 3511 1231 3570 potest
1250 3510 1314 3559 ontc
1328 3522 1390 3558 enne

162 3591 289 3664 Madniq,
312 3595 413 3649 iniuria
431 3602 545 3664 uterquc
564 3595 591 3647 tn
605 3595 769 3664 pronomine
787 3594 903 3648 retan'uo
922 3593 1045 3648 lectionis
1063 3591 1222 3647 Haustanae
1240 3591 1391 3662 offendens

263 3683 278 3736 9
303 3687 393 3734 eximes
412 3683 571 3738 Mtcttactc's:
599 3686 684 3733 eximis
795 3684 826 3735 to
851 3685 977 3749 ipsumque
1000 3701 1072 3748 quem
1093 3684 1217 3733 desideras
1236 3681 1390 3748 Rubenius,

162 3770 291 3843 Modut'p:
310 3776 437 3839 ipsumque
450 3775 590 3824 desiderans
664 3773 695 3826 ll
709 3789 823 3823 occurres
836 3770 975 3826 Muretus:
998 3770 1148 3822 occurreres
1169 3770 1206 3838 (c'n
1219 3787 1324 3825 rasura
1330 3770 1393 3842 suit

158 3859 279 3930 sortasse
297 3863 318 3929 s)
393 3863 426 3916 12
446 3861 639 3916 inuitaHaose:
660 3864 737 3911 inuisa
803 3862 842 3922 Ι13
862 3864 887 3911 in
899 3863 953 3912 luce
964 3859 1128 3915 detentores:
1150 3863 1231 3913 inlucll
1305 3869 1373 3927 tues

235 3952 266 4005 15
287 3956 311 4002 in
324 3954 451 4002 meliorem
464 3960 524 4001 noto
538 3961 632 4016 partem
646 3949 708 4004 otim
723 3966 810 4004 cortu:
832 3952 983 4000 inmelioreu
1002 3956 1061 3999 noto
1074 3958 1143 4016 parte
1218 3947 1250 4003 16
1265 3952 1393 4002 maximae

163 4041 329 4095 deteriores:
351 4044 458 4091 maxime
549 4041 581 4092 11?
602 4043 772 4107 applicueris*
869 4042 1026 4100 moderatim,
1046 4041 1127 4089 mitius
1146 4036 1183 4107 cf.
1198 4039 1288 4093 dcc'r'o
1307 4043 1332 4108 3,
1349 4043 1392 4102 22,

165 4171 175 4218 1
198 4152 524 4231 exempla..‚m0derala,
544 4167 608 4217 lenia
712 4164 744 4218 18
763 4182 839 4231 penas
929 4140 968 4214 ase
988 4164 1014 4230 (a
1032 4168 1063 4217 ut
1080 4163 1190 4218 uidetur
1208 4181 1242 4219 nt.
1258 4166 1317 4235 pr.)

144 4261 146 4266 '
168 4256 196 4308 lll
215 4274 264 4305 non
284 4273 373 4321 augere
391 4255 451 4309 cod.
471 4273 520 4304 non
540 4258 648 4305 minuere
667 4257 709 4304 sed
729 4272 818 4320 augere
837 4252 914 4307 Koch
939 4251 986 4322 (of.
1008 4251 1098 4318 Quint.
1119 4257 1146 4321 6,
1161 4269 1286 4324 prooem.
1307 4259 1321 4305 'l
1345 4272 1392 4306 nec

163 4363 252 4409 augere
283 4347 438 4395 lacrimarum
470 4361 555 4394 causas
580 4346 652 4406 uolo,
683 4346 824 4408 utinamque
850 4349 912 4392 esset
936 4344 999 4392 ratio
1024 4343 1178 4409 minuendi);
1206 4360 1271 4393 nouo
1298 4360 1393 4409 augere

164 4432 277 4503 Murtuiq
297 4452 345 4484 uno
359 4451 447 4497 augere
462 4431 543 4486 Gertz
616 4432 650 4483 20
669 4435 815 4497 represtalris
888 4433 921 4485 2‘2
941 4434 981 4497 qui
989 4435 1133 4482 ·te'laetam
1152 4430 1282 4502 Moduip:
1303 4435 1408 4498 quieta·
