3046 5092
299 339 380 385 DIAL.
390 339 439 383 Vll.
467 339 509 380 AD
524 339 701 383 GALLIONEM
718 341 758 381 DE
772 341 844 381 VITA
857 342 964 385 ΒΕΑΤΑ.
996 345 1027 386 lb.
1045 344 1076 385 ro.
1240 351 1300 410 169

77 506 130 549 nec
160 485 296 548 timorist
327 485 431 548 aditus
461 507 520 548 nec
550 486 602 548 ulli
633 488 693 562 rei,
723 507 803 568 quae
835 488 971 550 deterius
1001 489 1115 550 summi
1146 489 1222 550 boni
1255 490 1302 552 ius

75 594 172 657 faciat.
212 593 383 654 escendere
406 601 513 655 autem
536 592 589 655 illo
611 592 680 656 sola
703 596 801 656 uirtus
823 603 940 675 potest
979 594 1056 657 illius
1080 599 1181 676 gradu
1205 596 1302 661 cliuus

60 702 130 766 ‚iste
152 698 347 780 frangendus
370 709 426 762 est.
472 699 522 762 illa
545 699 667 764 fortiter
689 702 785 764 stabit
808 711 840 764 et
863 702 1013 784 quidquid
1037 704 1191 779 euenerit,
1223 704 1302 768 seret

72 829 136 870 non
159 808 282 889 patiens
306 815 437 881 tanturn,
460 808 518 869 sed
541 809 636 869 etiam
660 807 778 883 uolens,
804 829 996 890 omnemque
1019 820 1200 891 temporum
1221 811 1299 873 disfi-

74 915 223 978 cultatem
246 914 324 976 sciet
346 913 452 994 legem
477 934 546 976 esse
569 924 707 990 naturae,
731 925 771 991 et,
795 924 829 977 ut
845 915 948 978 bonus
965 917 1053 978 miles
1070 915 1147 978 seret
1164 917 1327 993 uolueras

72 1021 270 1085 enumerabit
293 1021 459 1096 cicatrices,
483 1031 516 1083 et
538 1022 809 1085 transuerberatus
832 1022 901 1085 telis
925 1024 1062 1086 moriens
1084 1024 1203 1087 amabit
1220 1045 1301 1101 eum,

71 1149 219 1212 proquo
243 1130 352 1203 cadet,
383 1118 623 1214 imperatorem,
654 1128 785 1191 habebit
816 1129 889 1192 illud
913 1131 1072 1193 inanimo
1096 1140 1187 1193 uetus
1210 1152 1300 1212 prae-

79 1244 217 1319 ceptum:
260 1235 355 1296 deum
394 1255 533 1315 sequere.
579 1236 718 1316 quisquis
757 1246 864 1298 autem
903 1240 1041 1318 queritur
1072 1246 1104 1298 et
1134 1238 1239 1318 plorat
1271 1248 1302 1301 et

79 1344 181 1424 gemit,
205 1343 362 1423 imperata
384 1341 487 1404 facere
510 1343 540 1403 ui
564 1345 687 1424 cogitur
710 1353 741 1405 et
765 1344 877 1405 inuitus
901 1345 1018 1426 rapitur
1034 1347 1075 1407 ad
1091 1346 1174 1406 iussa
1189 1345 1300 1408 nihilo-

79 1451 183 1512 minus.
230 1470 311 1530 quae
341 1458 448 1512 autem
480 1450 640 1512 dementia
670 1458 718 1511 est
741 1450 846 1530 potius
870 1450 949 1513 trahi
973 1472 1069 1532 quam
1093 1455 1201 1532 sequi?
1234 1461 1300 1514 tarn
1318 1471 1341 1511 n

80 1577 124 1617 me
147 1555 290 1618 hercules
313 1575 409 1637 quam
433 1555 562 1618 stultitia
585 1566 616 1618 et
639 1557 797 1636 ignoratio
818 1559 1008 1619 condicionis
1025 1567 1073 1620 est
1089 1579 1164 1620 suae
1181 1558 1301 1634 dolere,

78 1662 159 1744 quod
183 1663 275 1725 deest
298 1661 413 1743 aliquid
437 1662 493 1724 tibi
516 1671 569 1724 aut
594 1663 709 1725 incidit·
725 1663 837 1738 durius,
861 1684 962 1746 aeque
986 1665 1089 1727 mirari
1106 1674 1159 1726 aut
1175 1667 1302 1746 indigne

79 1768 153 1831 lerre
184 1791 239 1845 ea,
271 1788 354 1850 quae
384 1779 450 1832 tam
483 1770 574 1831 bonis
610 1770 756 1832 accidunt
786 1792 881 1852 quam
913 1771 1019 1845 maliS,
1057 1772 1189 1833 morbos
1221 1773 1301 1848 dico,

77 1877 199 1947 lunera,
230 1874 409 1938 debilitates
432 1885 465 1938 et
487 1884 594 1938 cetera
617 1896 659 1938 ex
683 1885 863 1940 transuerso
887 1879 917 1939 in
941 1879 1037 1940 uitam
1061 1877 1233 1942 humanam
1256 1882 1300 1940 in-

79 1984 236 2046 currentia.
270 1984 422 2064 quidquid
446 2004 487 2045 ex
512 1984 645 2046 uniuersi
669 1986 894 2046 constitutione
909 1986 1093 2066 patiendum
1111 1995 1167 2061 est,
1183 2006 1301 2067 magno
1318 2005 1342 2044 rr>

78 2091 257 2172 suscipiatur
280 2091 395 2151 animo
441 2091 481 2151 ad
505 2089 567 2153 hoc
590 2100 823 2153 sacramentum
847 2093 950 2153 adacti
973 2112 1089 2167 sumuS,
1113 2090 1194 2154 ferre
1217 2114 1300 2155 mor-

78 2197 146 2260 talia
168 2217 228 2258 nec
250 2197 425 2278 perturbari
448 2199 492 2272 iis,
515 2217 597 2278 quae
620 2199 717 2260 uitare
741 2219 805 2259 non
829 2208 877 2260 est
900 2209 1028 2261 nostrae
1051 2201 1225 2281 potestatis.
1272 2201 1303 2261 in

78 2325 173 2386 regno
196 2305 263 2367 nati
285 2324 400 2366 sumus.
448 2305 511 2366 deo
534 2324 645 2384 parere
668 2304 796 2367 libertas
820 2314 877 2368 est.

10 2410 41 2466 ι
161 2411 250 2473 XVI.
296 2409 385 2491 Ergo
416 2413 445 2472 in
477 2411 590 2473 uirtute
620 2412 725 2493 posita
755 2421 803 2474 est
834 2432 909 2475 uera
939 2412 1084 2475 felicitas:
1118 2415 1194 2494 quid
1224 2413 1304 2476 haec

79 2519 135 2581 tibi·
160 2519 258 2580 uirtus
288 2517 453 2579 suadebit?
491 2538 532 2579 ne
562 2519 637 2599 quid
668 2526 722 2579 aut
753 2518 874 2580 bonum
906 2529 959 2581 aut
990 2519 1107 2582 malum
1132 2521 1303 2596 existimes,
1313 2536 1343 2577 ιο

78 2626 162 2705 quod
192 2645 251 2687 nec
281 2624 396 2686 uirtute
419 2644 478 2686 nec
502 2624 619 2687 malitia
642 2627 813 2705 continget.
861 2627 990 2701 deinde,
1024 2635 1058 2688 ut
1081 2628 1122 2688 sis
1145 2627 1303 2689 inmobilis

10 2735 59 2790 ζ)
78 2740 107 2794 et
130 2742 242 2795 contra
265 2730 382 2793 malum
406 2741 440 2794 et
463 2753 505 2794 ex
529 2732 625 2808 bon0,
649 2741 684 2794 ut
707 2754 769 2815 qua
792 2732 838 2795 fas
862 2743 919 2808 est,
943 2736 1039 2796 deum
1055 2733 1194 2814 effingas.
1226 2735 1303 2815 quid

77 2839 129 2901 tibi
152 2858 212 2920 pro
235 2838 295 2900 hac
318 2839 523 2919 expeditione
545 2841 721 2920 promittit?
745 2840 883 2920 ingentia
907 2850 938 2902 et
960 2860 1061 2921 aequa
1076 2840 1212 2902 diuinisz,
1229 2840 1303 2902 nihil

78 2947 214 3028 cogeris,
244 2943 330 3007 nullo
352 2942 522 3025 indigebis,
555 2945 633 3007 liber
657 2948 732 3021 eris,
756 2955 859 3022 tutus,
883 2948 1046 3009 indemnis.
1093 2947 1167 3008 nihil
1190 2947 1303 3008 frustra

77 3051 254 3135 temptabis
277 3050 351 3114 nihil
374 3051 600 3133 prohibeberis
625 3055 732 3115 omnia
755 3053 811 3115 tibi
835 3074 877 3114 ex
900 3054 1055 3116 sententia
1075 3055 1197 3117 cedent.
1229 3053 1303 3116 nihil
1317 3071 1342 3109 25

41 3160 244 3224 3aduersum
275 3160 413 3233 accidet,
449 3157 523 3220 nihil
554 3168 665 3221 contra
696 3161 878 3240 opinionem
909 3181 947 3222 ac
977 3161 1181 3222 uoluntatem.
1227 3161 1303 3241 quid

77 3270 172 3347 ergo?
204 3266 301 3328 uirtus
330 3265 372 3327 ad
402 3265 497 3326 beate
528 3268 698 3328 uiuendum
729 3266 860 3328 sufficit?
892 3267 1033 3348 perfecta
1062 3266 1113 3328 illa
1144 3276 1176 3329 et
1200 3268 1311 3329 diuina

77 3374 181 3454 quidni
213 3371 360 3448 sufficiat,
392 3373 490 3434 immo
513 3373 706 3454 superfluat?
738 3374 813 3455 quid
837 3375 919 3436 enim
945 3376 1056 3437 deesse
1079 3384 1188 3456 potest
1211 3384 1303 3436 extra

164 3567 179 3619 1
202 3568 284 3617 timori
303 3568 332 3616 sit
351 3563 402 3619 sod
419 3567 450 3616 sit
469 3565 496 3618 in
515 3564 646 3621 rancori.
663 3569 778 3617 timorist
794 3566 885 3634 Gertz,
905 3582 966 3621 curn
982 3567 1155 3637 superiorum
1168 3565 1303 3620 editorum

77 3656 178 3726 aliquot
198 3656 335 3706 detrahitur
352 3653 379 3706 in
400 3656 541 3704 detrahatur
554 3660 703 3708 mutassent
787 3656 802 3709 3
822 3658 938 3722 quicquid
1023 3657 1038 3710 5
1057 3658 1156 3706 uulnera
1171 3660 1196 3723 (u
1210 3663 1236 3709 et
1248 3675 1263 3707 a
1276 3657 1304 3709 in

77 3745 144 3813 ras.)
237 3742 253 3795 6
273 3750 336 3797 arrio
355 3750 378 3793 et
397 3742 494 3797 leniter
512 3743 685 3811 interpunrrr'r
706 3742 791 3798 Gertz
882 3744 897 3798 7
917 3747 978 3795 illud
998 3747 1025 3812 (d
1044 3761 1116 3799 corr.
1137 3761 1175 3799 ex
1194 3746 1213 3802 tl

77 3836 107 3888 r1
134 3841 157 3885 et
184 3835 309 3900 ignoratio
328 3830 425 3886 Haase
450 3839 474 3883 et
499 3835 638 3897 ignorantia
663 3832 761 3902 rrulqo:
789 3841 812 3884 et
837 3836 950 3898 ignorata
976 3835 1055 3901 (roris
1080 3850 1180 3903 magna
1205 3833 1304 3888 locrrrro

76 3924 103 3978 in
118 3923 176 3993 fine
189 3920 298 3988 uersus)
384 3922 469 3972 dolere
482 3920 559 3975 dett:
581 3923 668 3971 dolore
753 3920 786 3974 l2
799 3924 866 3987 quod
879 3925 946 3973 deest
960 3921 1088 3992 Madm'qz
1109 3924 1176 3988 quod
1189 3929 1224 3973 est

75 4015 158 4081 aliquit
185 4012 205 4079 (t
231 4026 304 4065 corr.
329 4009 358 4063 r'rr
382 4010 409 4076 d)
434 4012 479 4059 tibi
506 4008 581 4074 cort,
610 4025 671 4063 rum
695 4012 740 4060 tibi
765 4009 848 4080 oripo
872 4011 1013 4064 omittatur
1131 4011 1163 4064 v15
1188 4013 1303 4077 quicquid

155 4099 199 4154 ’16
217 4101 362 4166 suscipiatur
381 4096 490 4152 Haase:
511 4116 554 4148 usu
574 4101 689 4165 eripiatur
780 4117 860 4150 sumus
879 4099 978 4170 uulqoz
999 4118 1106 4150 summus
1197 4099 1229 4152 17
1248 4117 1328 4165 per-⁴

76 4193 156 4242 tubari
247 4188 280 4241 19
305 4190 368 4238 haec
388 4188 434 4237 tibi
452 4189 527 4238 uirtus
546 4187 605 4241 cod.
626 4204 706 4257 quarn
725 4189 891 4259 scripturam
911 4204 961 4242 rur
982 4187 1092 4242 Fr'rlcert
1110 4188 1256 4242 rnutorrerr't
1273 4189 1300 4240 in
1338 4192 1345 4199 '

75 4283 137 4331 haec
160 4281 235 4329 uirtus
260 4279 306 4328 tibi
328 4292 383 4332 non
408 4275 535 4346 intellego
558 4293 645 4346 nequo
663 4278 764 4346 moris,
791 4286 819 4330 ut
838 4293 871 4331 ne
892 4276 973 4331 Gertz
993 4276 1114 4346 quidem,
1139 4291 1189 4330 cur
1206 4275 1301 4331 Haase
1327 4293 1329 4296 ’

75 4371 150 4420 uirtus
168 4365 343 4422 abiciendum
361 4364 497 4421 consumit
586 4366 621 4421 20
639 4370 729 4433 nequid
750 4367 777 4434 (d
790 4382 827 4420 err
841 4375 849 4415 t
863 4367 946 4432 corr.)
1037 4366 1071 4418 22
1090 4373 1112 4415 et
1132 4383 1161 4416 ex
1174 4364 1298 4441 Moduiq:

77 4476 107 4509 ex
172 4519 177 4529 ¹
196 4457 231 4512 24
248 4458 311 4508 liber
329 4459 376 4507 eris
395 4464 458 4507 tutus
477 4455 599 4527 (praeter
617 4458 653 4506 lib
672 4457 762 4511 omnia
781 4456 808 4507 r'n
827 4456 894 4524 rar.)
