3046 5092
351 332 430 376 DlAL.
440 333 469 374 X.
498 333 540 373 AD
555 331 709 374 PAVLINVM
725 335 764 374 DE
780 334 949 375 BREVITATE
963 335 1060 376 VITAE.
1089 338 1109 378 t.
1125 339 1144 378 1.
1295 341 1357 400 227

140 479 310 542 audaciam.
356 499 428 540 sero
459 479 564 559 itaque
594 480 785 560 querebatur
813 479 912 542 nullas
942 481 1001 542 sibi
1031 480 1123 542 ferias
1146 482 1317 561 contigisse
1341 500 1360 540 a

139 607 233 668 puero
265 586 432 648 seditiosus
464 594 496 647 et
526 586 595 647 loro
624 589 736 666 grauis.
784 589 975 669 disputatur,
1007 608 1047 649 an
1078 589 1144 668 ipse
1167 588 1225 650 sibi
1249 607 1359 649 manus

138 691 284 756 attulerit.
330 693 436 755 subito
468 694 550 763 enim
582 693 711 755 uolnere
739 715 796 775 per
819 695 933 775 inguen
956 703 1089 777 accepto
1113 694 1278 775 conlapsus
1302 701 1359 768 est,

138 799 239 882 aliquo
271 799 453 875 dubitante,
485 820 524 861 an
555 820 641 862 mors
672 802 738 863 eius
761 801 937 878 uoluntaria
960 810 1059 875 esset,
1090 800 1191 876 nullo,
1215 821 1255 862 an
1278 809 1358 862 tem-

112 907 264 987 3pestiua.
310 926 538 988 superuacuum
562 901 625 969 ¹est
662 927 914 970 commemorare
950 906 1071 988 plureS,
1108 909 1161 989 qui
1192 928 1264 970 cum
1295 907 1387 969 aliisa

138 1013 300 1076 felicissimi
323 1014 511 1088 uiderentur,
535 1015 592 1094 ipsi
616 1016 646 1074 in
669 1035 704 1076 se
720 1035 828 1076 uerum
845 1015 1062 1077 testimonium
1078 1015 1234 1089 dixerunt,
1258 1014 1361 1095 perosi

139 1142 267 1182 omnem
292 1131 398 1184 actum
423 1141 577 1182 annorum
601 1141 739 1183 suorum.
786 1123 843 1183 sed
873 1121 919 1183 his
942 1121 1086 1202 querellis
1109 1142 1168 1183 nec
1191 1123 1270 1183 alios
1293 1142 1360 1183 mu·

138 1237 285 1292 tauerunt
302 1248 374 1302 ,nec
405 1248 439 1289 se
469 1229 563 1308 ipsos.
609 1248 683 1288 nam
715 1248 787 1290 cum
818 1229 916 1290 uerba
939 1238 1124 1309 eruperunt,
1155 1227 1296 1291 adfectus
1321 1227 1361 1288 ad

112 1335 400 1398 lconsuetudinem
431 1334 621 1398 relabuntur.
668 1345 774 1398 uestra
805 1356 857 1397 me
887 1335 1029 1398 hercules
1060 1337 1141 1409 uita,
1172 1334 1244 1398 licet
1267 1355 1363 1416 supra

139 1443 221 1504 mille
255 1463 355 1503 annos
386 1451 497 1517 exeat,
528 1444 558 1503 in
590 1444 780 1504 artissimum
809 1442 1019 1505 contrahetur.
1066 1445 1125 1505 ista
1148 1444 1222 1504 uitia
1244 1441 1361 1503 nullum
1380 1461 1402 1499 tu

123 1566 200 1611 ‘non
224 1549 385 1611 saeculum
409 1550 625 1611 deuorabunt:
651 1551 713 1612 hoc
729 1570 804 1611 uero
821 1551 956 1631 spatium
973 1551 1069 1632 quod,
1093 1552 1236 1631 quamuis
1252 1558 1363 1611 natura

139 1669 256 1732 currat,
280 1657 359 1718 ratio
384 1656 509 1730 dilatat,
538 1658 601 1718 cito
625 1677 683 1717 uos
706 1657 834 1737 effugiat
857 1677 989 1719 necesse-
1010 1666 1066 1718 est.
1112 1677 1175 1718 non
1200 1658 1282 1718 enim
1307 1657 1361 1717 ad-

139 1763 290 1844 prenditis
313 1783 372 1824 nec
395 1763 532 1825 retinetis
555 1783 614 1824 nec
638 1763 853 1825 uelocissimae
877 1764 1018 1825 omnium
1042 1764 1085 1825 rei
1109 1783 1232 1824 moram
1256 1762 1362 1837 sacitiS,

140 1870 195 1931 sed
219 1870 307 1930 abire
332 1879 455 1930 utrem
479 1890 707 1950 superuacuam
731 1890 768 1931 ac
791 1869 999 1951 reparabilem
1023 1871 1128 1933 sinitis.

114 1982 124 2032 1
230 1976 299 2038 Vll.
338 1976 371 2038 ln
397 1977 504 2056 primis
528 1987 635 2038 autem
659 1985 691 2038 et
714 1977 783 2038 illos
807 1997 948 2052 numero,
971 1978 1023 2057 qui
1046 1976 1119 2038 nulli
1142 1977 1186 2038 rei
1208 1977 1266 2038 nisi
1290 1977 1362 2037 uino
1381 1994 1403 2032 u

141 2105 176 2146 ac
198 2083 319 2146 libidini
342 2093 466 2145 uacant.
497 2083 569 2146 nulli
593 2085 676 2144 enim
700 2085 819 2165 turpius
844 2087 989 2166 occupati
1012 2093 1092 2145 sunt.
1124 2085 1220 2146 ceteri
1243 2084 1365 2145 etiamsi

141 2211 221 2252 uana
245 2191 365 2272 gloriae
389 2191 526 2270 imagine
542 2199 716 2265 teneantur,
739 2192 881 2271 speciose
897 2201 1005 2253 tamen
1021 2199 1133 2254 errant.
1165 2189 1236 2253 licet
1252 2211 1364 2253 auaros

100 2340 103 2345 -
141 2298 232 2371 mihi,
267 2296 341 2359 licet
376 2298 543 2359 iracundos
574 2317 738 2379 enumeres
762 2297 819 2359 'uel
851 2300 925 2360 odia'
956 2307 1142 2360 exercentes
1172 2299 1284 2359 iniusta
1316 2294 1365 2358 uel

141 2404 243 2466 bella:
279 2424 391 2466 omnes
422 2407 471 2465 isti
503 2403 616 2476 uirilius
639 2414 790 2484 peccant:
824 2405 855 2466 in
879 2414 1022 2467 uentrem
1046 2425 1084 2468 ac
1106 2404 1268 2466 libidinem
1291 2424 1363 2484 pro-

113 2513 294 2574 2iectorum
329 2512 495 2573 inhonesta
530 2510 617 2572 labes
652 2521 708 2573 est.
758 2512 865 2573 omnia
901 2513 1032 2574 istorum
1063 2521 1209 2593 tempora
1240 2520 1363 2573 excute.
1377 2528 1403 2568 1ο

140 2620 269 2700 adspice
292 2618 441 2699 quamdiu
464 2627 646 2700 conputent,
670 2605 820 2699 qua‘mdiu
844 2620 1033 2694 insidientur,
1057 2619 1207 2700 quamdiu
1222 2619 1364 2693 timeant,

140 2726 290 2807 quamdiu
314 2725 436 2799 colant,
465 2726 615 2807 quamdiu
639 2724 788 2799 colantur,
811 2734 964 2805 quantum
988 2726 1168 2787 uadimonia
1191 2746 1247 2787 sua
1269 2735 1364 2805 atque

141 2832 241 2895 aliena
273 2841 444 2913 occupent,
475 2842 627 2912 quantum
660 2833 818 2905 conuiuia,
850 2851 931 2912 quae
961 2831 1023 2892 iam
1054 2831 1122 2910 ipsa
1145 2830 1247 2892 officia
1270 2840 1362 2892 sunt:
1432 2904 1441 2918 ι

141 2939 278 3014 uidebis,
310 2917 584 3019 quemadmodum
616 2937 697 2999 illos¹
715 2938 868 3018 respirare
898 2957 962 2998 non
993 2939 1096 2999 sinant
1126 2937 1176 2999 uel
1205 2938 1287 2999 mala
1310 2957 1366 2998 sua

112 3047 190 3106 3uel
223 3045 317 3106 bona.
365 3045 499 3125 denique
528 3029 743 3104 interomnes
766 3044 913 3105 conuenit
936 3040 1053 3104 nullam
1078 3062 1144 3103 rem
1168 3043 1250 3104 bene
1274 3063 1362 3104 exer·
1380 3063 1406 3102 aa

141 3153 201 3214 ceri
234 3172 330 3233 posse
361 3152 403 3212 ab
433 3152 561 3224 homine
586 3159 758 3230 occupato,
790 3171 854 3211 non
877 3151 1119 3230 eloquentiam,
1137 3169 1201 3210 non
1224 3149 1367 3211 liberales

141 3259 328 3339 disciplinas,
352 3259 480 3339 quando
504 3257 661 3320 districtus
684 3259 806 3319 animus
829 3256 903 3319 nihil
926 3255 1016 3319 altius
1039 3257 1156 3336 recipit,
1181 3257 1238 3317 sed
1262 3257 1367 3318 omnia

142 3470 220 3537 3per
239 3472 329 3534 inguen
348 3468 407 3522 Ea:
430 3472 517 3534 pignes
536 3470 573 3537 (r'u
593 3476 660 3529 raa.)
769 3468 785 3522 7
812 3468 903 3537 actum]
930 3467 966 3536 cs,
986 3485 1045 3538 epp.
1066 3472 1109 3535 16,
1131 3472 1162 3520 19
1182 3471 1205 3517 in
1225 3471 1293 3519 omni
1312 3475 1367 3519 actu

142 3561 222 3615 uitae3
250 3542 285 3612 lle
303 3558 360 3611 11111
380 3558 459 3611 beata
478 3561 520 3624 26,
540 3563 555 3610 4
580 3576 610 3607 ne
635 3560 667 3606 ad
691 3559 821 3622 opiniones
846 3565 937 3607 uestras
963 3564 1044 3607 actum
1069 3559 1134 3606 uitae
1158 3574 1228 3607 meae
1245 3558 1368 3607 flecterem

171 3704 173 3709 ,
242 3648 260 3700 8
285 3650 385 3696 allectus
497 3648 530 3698 12
555 3653 635 3696 currat
654 3662 725 3699 uaeas
744 3644 925 3700 deteriorum:
947 3649 1019 3697 currit
1121 3648 1184 3696 ratio
1204 3645 1368 3700 deteriorum
1408 3637 1419 3659 ⁶

140 3737 236 3808 pauci:
259 3739 326 3785 natio
453 3737 604 3801 adprenditis
628 3737 653 3799 (n
672 3735 699 3788 a'n
717 3734 785 3803 rar.)
912 3735 946 3788 13
970 3752 1015 3785 nec
1033 3736 1205 3786 uelocissimae
1223 3734 1281 3788 ΕΜ
1302 3737 1368 3785 uelo-

143 3829 239 3877 cissime
371 3827 481 3875 omnium
511 3824 673 3879 deteriores:
700 3827 751 3876 ofni
867 3824 917 3878 ,17
948 3826 1043 3889 gloriae
1067 3826 1176 3888 imagine
1202 3822 1365 3878 deteriores:

144 3919 223 3981 gloria
242 3918 267 3964 in
286 3917 386 3979 magiae
476 3913 509 3967 18
528 3916 604 3964 michi
622 3915 679 3964 licet
699 3915 737 3979 (111
756 3930 842 3984 11119.
863 3930 896 3966 11.
916 3912 962 3965 aet.
982 3915 1113 3963 iracundos
1132 3930 1270 3971 enumerem
1288 3910 1368 3981 salsa

144 3985 243 4059 111111
262 4002 384 4068 erclearo
403 4003 429 4053 ul
454 4001 489 4069 (11.
510 4020 531 4056 e.
552 4004 601 4069 uel)
627 4005 686 4053 odia
705 4009 843 4054 exercentes
862 4003 950 4052 iniusta
969 4004 1007 4052 uel
1026 4003 1107 4068 bella,
1130 4002 1169 4054 ira
1187 4008 1217 4054 11
1234 4000 1368 4054 Haterium

145 4093 292 4147 recensente
310 4090 446 4146 radicasse
464 4097 599 4162 appareat
690 4093 722 4145 19
743 4095 766 4142 in
785 4100 895 4142 uentrem
911 4089 1079 4145 Gronoaa'as:
1101 4093 1238 4140 inuenerem
1258 4088 1317 4144 aod.
1330 4087 1367 4158 efi

147 4182 178 4236 de
191 4180 280 4251 benef.
296 4186 319 4243 1,
334 4184 357 4243 2,
372 4185 386 4232 2
405 4183 481 4231 uentri
495 4199 524 4230 ac
542 4181 640 4230 libidini
659 4183 770 4239 deditos;
791 4196 853 4250 epp.
868 4184 939 4245 55,5
959 4182 1006 4229 sibi
1025 4197 1074 4228 non
1092 4181 1160 4240 uiuit,
1178 4179 1271 4232 sed
1291 4180 1369 4228 uentri

146 4288 231 4322 somno
246 4272 358 4328 libidini;
380 4267 442 4322 Sea.
457 4278 542 4324 contr.
556 4273 581 4335 2,
597 4274 664 4331 1,11
681 4287 711 4319 ne
723 4271 783 4335 quid
801 4271 878 4319 uentri
897 4275 997 4333 negetur
1014 4269 1160 4332 libidinique
1249 4265 1369 4329 20labes

148 4359 248 4430 Neela:
263 4360 334 4409 tabes
418 4358 450 4411 21
465 4361 548 4423 aspice
632 4365 781 4424 computent.
867 4359 900 4409 ἳῦ
920 4355 1005 4410 uerba
1024 4355 1058 4409 ab
1077 4355 1152 4409 iniria
1170 4355 1370 4424 repetitusque

149 4448 183 4502 ad
200 4451 305 4514 denique
323 4447 366 4503 laia
385 4445 474 4502 aliena
493 4463 552 4500 esse
569 4446 638 4500 aida't
659 4445 740 4500 Gertz

1102 4534 1157 4586 15*
