3046 5092
440 328 610 371 PRAEFATIO
625 327 776 370 IOHANNIS
791 326 933 370 VAHLENI.
1285 326 1303 364 V

97 480 211 544 addendi
240 479 367 541 occasio
398 478 530 539 obvenit
561 486 614 538 aut
647 474 819 535 necessitas
851 487 900 538 est
930 475 1094 556 imposita:
1129 476 1246 535 etenim
1270 474 1302 534 id

97 599 200 680 quidem
214 594 360 656 Kochius
384 595 517 657 fideliter
540 607 708 658 exsecutus
733 605 807 670 erat,
831 604 865 656 ut
889 592 1065 673 ubicunque
1085 591 1161 670 quid
1177 600 1301 672 praeter

96 713 215 776 codicem
238 713 270 774 iu
286 719 379 774 textu
396 713 561 792 posuisset,
585 713 626 773 de
642 713 707 774 eius
724 710 905 773 testimonio
922 708 1081 788 legentem
1097 707 1296 778 admoneret;

95 829 140 890 sed
165 847 229 888 cum
262 848 354 888 suum
386 826 568 907 exemplum
601 829 643 913 ad
666 828 692 889 F
695 827 803 889 ickerti
827 825 997 906 Haasiique
1028 806 1227 905 potissimum
1252 842 1299 882 re-

95 945 231 1004 censiones
256 941 404 1023 applicari
427 940 530 1014 vellet,
554 963 649 1023 saepe
670 942 745 1003 olim
763 942 932 1002 emendata
949 950 980 1001 et
996 939 1037 999 ab
1053 938 1110 999 illis
1127 937 1300 998 editoribus

94 1068 199 1138 recepta
220 1077 302 1138 quos
325 1066 470 1118 auctores
491 1057 653 1131 haberent,
677 1058 814 1118 indicare
829 1056 950 1118 omisit:
977 1057 1063 1136 atqui
1078 1056 1194 1115 iustum
1211 1074 1298 1114 com-

94 1175 257 1234 mentarium
288 1171 368 1233 haec
399 1173 463 1234 duo
494 1174 610 1253 pariter
640 1174 776 1233 edocere
804 1181 1027 1254 expectamus,
1059 1178 1098 1230 et·
1114 1170 1190 1249 quid
1214 1167 1299 1242 liber,

94 1290 161 1349 cuius
181 1289 242 1350 fide
266 1287 421 1349 memoria
444 1289 636 1362 continetur,
660 1288 811 1367 scriptum
835 1285 1001 1360 exhibeat,
1026 1286 1106 1347 etsi
1130 1285 1205 1365 quid
1230 1304 1298 1345 cor-

94 1415 191 1465 rectum
207 1383 262 1465 ⁴est
286 1404 354 1465 sine
374 1402 556 1485 exemplari,
580 1405 664 1463 unde
685 1404 717 1464 id
733 1403 886 1482 originem
903 1403 1006 1465 ducat.
1053 1400 1095 1462 Et
1111 1403 1140 1462 in
1157 1399 1299 1462 Senecae

91 1519 198 1596 'quidem
220 1517 353 1598 dialogis
377 1516 484 1593 multa,
508 1539 589 1599 quae
612 1519 730 1580 codicis
747 1518 953 1579 Ambrosiam
976 1517 1079 1579 scriba
1101 1537 1198 1597 prave
1222 1535 1297 1576 exa-

95 1633 165 1706 ravit,
194 1643 337 1695 correcta
366 1633 524 1694 habentur
546 1635 576 1694 in
600 1634 665 1695 aliis
691 1633 775 1694 libris
799 1633 851 1694 illo
875 1633 1083 1694 deterioribus
1107 1642 1139 1694 et
1163 1649 1297 1711 quorum

95 1744 154 1808 haec
174 1771 233 1811 una
249 1748 364 1810 utilitas
389 1759 445 1823 est,
470 1751 558 1829 quod
581 1750 703 1810 mendis
728 1747 841 1822 multia,
865 1747 1034 1809 levioribus
1058 1749 1207 1818 maxime,
1232 1767 1297 1809 me-

99 1861 205 1926 dicinam
237 1873 357 1926 certam
396 1864 545 1939 asserunt,
585 1865 645 1926 alia
680 1866 753 1925 inde
785 1863 826 1926 ab
858 1864 1077 1944 antiquissimis
1109 1862 1298 1924 editionibus

99 1979 238 2041 emendate
282 1981 399 2062 scripta
436 1981 493 2042 sed
533 1980 617 2040 nulla
654 1981 771 2041 codicis
802 1980 988 2040 auctoritate
1019 1977 1294 2061 circumferuntur,

96 2087 156 2154 haec
175 2105 205 2155 et
226 2115 309 2176 quae
332 2094 482 2175 paulatim
514 2115 532 2156 a
563 2097 665 2157 doctis
690 2096 801 2156 criticis
825 2105 879 2156 aut
906 2103 992 2156 recte
1015 2102 1069 2155 aut
1092 2094 1298 2175 probabiliter

95 2219 190 2270 novata
210 2218 291 2298 sunt,
316 2209 464 2290 colligere
488 2219 519 2271 et
542 2211 572 2271 in
596 2230 654 2271 suo
678 2211 815 2290 quidque
838 2210 910 2271 loco
934 2231 1066 2292 ponere,
1091 2218 1157 2271 tam
1181 2211 1211 2270 in
1235 2210 1297 2270 hoc

95 2321 220 2401 scriptore
235 2345 333 2406 quam
349 2327 380 2386 in
395 2325 460 2386 aliis
476 2325 640 2407 plerisque,
664 2326 807 2387 taediosa
830 2326 980 2406 imprimis
1004 2346 1076 2406 pars
1101 2336 1148 2387 est
1172 2326 1296 2399 edendi,

95 2453 170 2512 qvam
188 2449 296 2523 ‘tamen
320 2442 497 2501 detrectare
520 2461 577 2521 par
600 2461 663 2502 non
680 2452 728 2501 est
743 2442 769 2502 si
784 2436 1030 2521 qui'satisfacere
1047 2441 1175 2502 editoris
1191 2439 1295 2502 officio
1321 2438 1325 2447 '

95 2552 168 2630 cupit.
208 2556 279 2636 Ego
304 2576 396 2628 ver0,
427 2556 479 2636 qui
503 2556 585 2616 hunc
608 2557 795 2636 scriptorem
819 2556 952 2618 multum
976 2557 1114 2630 versavi,
1138 2555 1295 2616 latinitatis

96 2672 321 2744 cognoscendae
343 2647 438 2731 causa
462 2676 547 2745 (nam
579 2672 760 2752 ceteroquin
792 2672 857 2732 eius
888 2672 1049 2751 argutulas
1078 2671 1231 2732 sentiendi
1262 2681 1295 2731 et

95 2780 224 2847 scribendi
247 2786 379 2866 ineptias
402 2806 466 2846 non
489 2787 628 2847 admiror
652 2807 755 2866 neque
778 2791 878 2862 amo),
911 2789 968 2848 sed
993 2787 1108 2847 edendi
1131 2785 1293 2847 consilium

94 2909 240 2977 numquam
271 2902 404 2981 agitavi,
435 2921 473 2962 ea
500 2901 613 2981 quibus
636 2903 666 2962 in
689 2900 751 2963 hoc
775 2922 891 2981 genere
914 2901 1030 2963 Kochii
1053 2904 1293 2963 adnotationem

54 3053 58 3059 .
94 3011 204 3089 suppleri
226 3024 405 3097 oporteret,
429 3018 459 3076 in
482 3017 542 3078 hac
565 3016 668 3078 subita
691 3037 789 3098 opera
811 3039 876 3078 non
899 3019 988 3098 potui
1011 3018 1067 3078 nisi
1090 3037 1132 3078 ex
1157 3017 1294 3078 Fickerti

94 3131 214 3202 congerie
237 3134 418 3205 corradere,
451 3130 536 3192 haud
565 3132 678 3193 dubius
701 3134 775 3213 quin
798 3133 863 3193 eius
887 3152 1022 3213 operosa
1046 3141 1077 3192 et
1100 3131 1294 3212 permolesta

94 3231 225 3316 diligentia
247 3246 467 3309 obscurandae
487 3248 531 3308 rei
547 3249 647 3327 magis
663 3268 758 3328 quam
776 3246 984 3309 declarandae
998 3248 1114 3309 idonea
1130 3267 1181 3307 me
1197 3267 1293 3328 saepe

93 3345 226 3436 deceperit
256 3363 397 3424 invitum.
450 3361 479 3422 E
502 3370 610 3423 textus
634 3361 737 3424 forma
759 3361 885 3423 Kochio
908 3362 1045 3444 probata
1067 3361 1141 3423 nihil
1165 3363 1292 3436 mutavi,

92 3461 135 3524 nisi
155 3479 232 3552 quod
255 3476 370 3552 semel,
402 3498 430 3557 p.
456 3479 484 3550 8,
510 3478 560 3551 27,
584 3479 805 3552 coniecturam,
829 3498 925 3558 quam
949 3476 998 3538 ille
1021 3479 1051 3538 in
1076 3479 1220 3538 ordinem
1244 3498 1291 3537 re-

92 3595 203 3665 ceperat,
224 3597 336 3654 medico
361 3595 510 3668 obliquati,
533 3593 605 3673 quia
628 3592 702 3653 mihi
726 3594 816 3654 nimis
840 3594 956 3654 incerta
979 3594 1046 3654 visa
1068 3603 1125 3664 est,
1149 3594 1292 3654 restituta

92 3693 217 3768 tralaticia
239 3709 407 3788 scriptura,
431 3712 544 3769 meliori
568 3727 657 3782 cusu,
680 3709 712 3768 in
735 3709 976 3770 adnotationem
1000 3709 1107 3769 reieci:
1141 3710 1290 3769 sedtum

92 3815 206 3883 nondum
229 3822 323 3904 plene
346 3823 421 3904 quid
441 3822 520 3884 haec
539 3844 623 3884 nova
639 3825 779 3885 recensio
794 3822 889 3886 ferret
905 3823 1105 3905 exploratum
1122 3822 1290 3892 habebam,

92 3937 181 3998 postea
206 3947 401 4019 pertractato
424 3937 530 3999 libello
554 3937 693 3999 intellexi
717 3939 791 4000 mihi
814 3959 877 4000 non
901 3938 993 4000 licere
1016 3938 1095 4029 illius
1119 3938 1290 4000 rationibus

92 4057 175 4110 meum
195 4026 395 4134 interponere
418 4053 582 4115 iudicium:
609 4055 777 4135 omniaque
800 4053 908 4136 reliqui
931 4065 965 4116 ut
988 4054 1030 4116 ab
1054 4074 1093 4115 eo
1117 4054 1290 4134 perscripta

91 4171 173 4241 erant,
199 4170 229 4230 in
260 4168 374 4249 quibus
405 4168 522 4230 inutilia
552 4169 641 4250 plura
671 4190 753 4250 quae
784 4168 859 4231 mihi
889 4171 1019 4250 quidem
1050 4171 1116 4231 visa
1154 4178 1226 4229 sunt
1257 4177 1289 4229 et

90 4283 220 4349 quaedam
251 4284 345 4365 plane
375 4303 525 4365 perversa
555 4294 609 4347 aut
640 4284 681 4345 ab
704 4286 790 4346 omni
812 4284 1037 4366 probabilitate
1060 4284 1172 4359 aliena,
1203 4283 1290 4346 velut

90 4406 111 4466 P·
130 4395 171 4471 37,
194 4401 222 4476 3,
235 4419 389 4478 nequaque
413 4405 526 4462 delirae
547 4405 650 4461 mentis
673 4420 765 4477 aperta
788 4411 842 4462 aut
864 4423 894 4483 p.
912 4404 962 4475 54,
980 4403 1020 4462 25
1039 4420 1168 4478 prorsus
1177 4420 1288 4478 purum
