3046 5092
117 332 169 375 XVI
524 336 565 376 DE
579 335 692 377 comer:
706 334 945 380 MEDIOLANENSI.

208 479 278 542 Hac
309 500 404 542 manu
435 468 638 544 altera‘satis
666 480 718 544 illa
746 483 873 562 antiqua
904 491 936 543 et
966 481 1106 543 terminis
1138 480 1203 544 iere
1234 482 1351 544 saeculi

119 586 299 648 duodecimi
329 590 427 667 partis
451 589 561 668 prioris
584 587 702 658 inclusa
725 588 767 649 ad
791 591 892 668 ipsam
917 583 1014 649 fidem
1038 587 1204 669 archetypi
1228 589 1352 651 scribae

118 692 357 772 Longobardici
381 713 513 773 operam
538 713 654 772 magna
678 714 751 755 cura
774 702 978 755 retractatam
1003 714 1073 755 esse
1095 693 1185 756 facile
1208 705 1352 777 apparet,

118 800 161 859 ita
184 806 218 859 ut
241 819 322 879 quae
346 799 395 861 uel
419 801 449 860 in
474 800 615 879 margine
638 798 688 860 uel
712 779 911 861 interlineas
936 799 1028 880 (baec
1050 801 1180 880 quidem
1204 803 1235 862 in
1261 821 1351 864 com-

119 905 273 966 mentario
304 915 415 968 nostro
447 908 553 968 critico
576 926 704 986 quoque
734 907 801 967 sine
823 906 938 968 indicio
961 926 1056 986 supra
1086 905 1200 968 lineam
1234 911 1353 989 scripta

117 1009 227 1085 habes)
252 1013 374 1073 addidit
398 1013 579 1086 mutauitue,
603 1033 641 1074 ea
662 1012 727 1074 fere
743 1013 858 1088 omnia,
884 1013 909 1074 si
930 1034 949 1073 a
965 1032 1081 1092 genere
1099 1012 1352 1096 orthographico

117 1119 296 1192 recesseris,
320 1139 380 1200 pro
405 1101 678 1181 emendationibus
709 1119 858 1181 habenda
880 1121 942 1181 sint
966 1129 1020 1181 aut
1043 1129 1130 1182 certe
1154 1139 1213 1200 pro
1237 1111 1351 1183 lectio-

119 1222 209 1284 nibus
239 1227 335 1304 ipsius
366 1225 530 1307 archetypi
560 1228 600 1288 ad
632 1227 756 1288 criticae
787 1227 861 1287 artis
893 1227 1029 1287 rationes
1052 1227 1359 1289 adcommodandis„

118 1328 228 1409 Atque
252 1339 287 1392 ut
310 1331 446 1412 primum
471 1332 512 1393 de
535 1333 760 1395 additamentis
777 1332 865 1393 unius
881 1331 931 1393 uel
947 1331 1080 1413 plurium
1102 1352 1219 1394 uocum
1237 1333 1352 1407 dicam,

38 1426 42 1433 ²
119 1437 145 1496 si
168 1455 207 1498 ea
228 1457 310 1517 quae
331 1436 427 1499 Gertz
450 1459 480 1519 p.
508 1439 633 1499 15-34
660 1437 810 1518 conlegit,
835 1437 1019 1500 breuissime
1042 1458 1271 1518 percurremus,
1296 1440 1351 1502 ad-

120 1542 192 1604 ditis
215 1546 323 1624 paucis
346 1564 428 1625 quae
451 1542 501 1604 ille
524 1544 645 1619 omisit,
677 1543 727 1606 uel
756 1546 898 1605 maxime
921 1564 1016 1625 quam
1041 1565 1151 1606 uerum
1175 1545 1231 1619 sit,
1263 1545 1352 1626 quod

119 1683 199 1759 dixi,
232 1684 375 1747 elucebit.
426 1689 453 1760 l,
480 1690 505 1760 1,
530 1686 549 1747 3
581 1707 639 1748 non
670 1691 762 1747 minue
793 1705 880 1764 quom
903 1705 981 1763 quae
1004 1648 1352 1766 olienisl⁰⁶i⁸compecta

120 1804 262 1861 miraculo
287 1810 355 1863 sunt
378 1801 419 1862 de
442 1804 574 1864 ueritate
598 1803 684 1863 uocis
708 1807 779 1862 locis
802 1803 932 1863 omnino
957 1801 1091 1864 dubitari
1114 1804 1241 1882 nequit;
1278 1807 1307 1878 3,
1336 1809 1348 1866 l

120 1925 198 1982 quae
230 1917 260 1967 tu
290 1926 383 1969 uocas
416 1927 527 1985 aspera
559 1910 588 1981 (i.
612 1929 653 1969 m.
678 1919 766 1986 quoe·
780 1913 910 1970 aduersa
943 1917 970 1969 et
993 1911 1225 1984 abhominando)
1251 1909 1353 1972 uerba

119 2013 228 2074 addita
251 2015 276 2074 si
300 2033 364 2074 non
388 2016 563 2076 necessaria
585 2022 666 2089 sunt,
696 2023 729 2076 at
753 2014 895 2077 Senecae
918 2016 1077 2095 ingenium
1101 2035 1231 2096 prorsus
1254 2017 1351 2078 r'edo-

119 2117 202 2193 lent,
231 2125 259 2193 3,
284 2121 303 2181 6
327 2124 433 2195 infelix
457 2133 499 2183 ert
515 2123 676 2200 Fabricius²
700 2126 781 2198 quod
802 2141 853 2182 mn
875 2141 966 2189 ruram,
991 2133 1129 2199 quantum
1154 2143 1173 2183 u
1197 2123 1353 2199 republica

118 2229 246 2305 uacauit,
267 2229 369 2300 fodit?
391 2236 451 2287 tom
474 2246 538 2288 cam
564 2233 679 2305 Pyrria
712 2248 798 2304 quom
830 2247 895 2289 cum
919 2232 1027 2288 diuitiis
1049 2233 1126 2305 perit
1155 2229 1185 2306 (i.
1208 2248 1250 2288 m.
1270 2233 1355 2306 quod

120 2333 234 2403 bellum)
266 2332 369 2393 uerbis
400 2333 516 2395 additis
547 2333 633 2395 nullo
665 2343 761 2414 pacto
793 2354 899 2396 carere
926 2334 999 2397 licet
1011 2361 1018 2409 ;
1054 2340 1091 2409 3,
1124 2337 1142 2396 9
1168 2338 1250 2412 quod
1271 2339 1351 2396 illum

119 2440 320 2500 documentum
331 2443 498 2516 patientiae
510 2445 606 2516 fecit?
629 2441 656 2517 (i.
673 2461 715 2501 m.
727 2446 802 2516 fidei
818 2445 1030 2515 documentum)
1047 2443 1076 2502 in
1092 2442 1351 2503 additamentum

895 2543 945 2590 ²⁸²⁶
977 2585 1076 2637 taceat
1106 2581 1173 2637 ticet
1203 2577 1351 2638 inmerito

120 2575 205 2636 idem
236 2572 321 2635 ualet
352 2581 447 2654 atque
475 2575 506 2634 in
531 2576 559 2646 3,
588 2578 624 2648 13
658 2577 688 2648 3,
724 2578 757 2643 ll
793 2579 870 2635 idem

121 2689 218 2752 Gertz
248 2689 316 2752 fore
347 2699 381 2752 ut
412 2710 476 2751 non
504 2710 600 2770 aegre
623 2709 704 2751 uoce
733 2694 787 2750 iate
818 2710 995 2752 careremus
1019 2691 1121 2765 dixit,
1148 2696 1185 2765 l,
1218 2693 1236 2752 3
1261 2696 1289 2752 n'
1312 2697 1354 2754 illi

118 2801 228 2859 nuttam
254 2801 409 2872 difficilior
439 2815 526 2858 canu
557 2800 637 2858 dedit
660 2794 689 2879 (i.
709 2816 750 2857 m.
768 2794 983 2881 occasionem);
1014 2801 1112 2872 4,,11
1137 2807 1353 2875 praeceptores

120 2909 169 2980 qui
194 2909 264 2981 ptus
294 2906 405 2965 laboris
442 2906 480 2965 ab
511 2907 546 2964 iic
577 2908 697 2979 exigunt
735 2902 833 2964 uerba
872 2909 921 2981 qui
948 2909 1019 2981 plus
1049 2924 1161 2965 manus
1193 2907 1352 2966 recentior

119 3012 350 3091 suprascripsit,
381 3011 469 3091 quod
493 3030 565 3071 cum
589 3010 676 3071 initio
700 3011 876 3071 admodum
901 3010 1030 3072 miratus
1054 3030 1173 3083 essem,
1198 3012 1351 3091 quoniam

119 3104 328 3178 recentiorum
370 3136 519 3178 manuum
560 3136 732 3197 numquam
769 3124 877 3178 tantae
920 3116 1071 3178 bonitatis
1110 3115 1352 3179 emendationes

119 3233 206 3296 sunt,
246 3232 278 3284 et
316 3221 381 3283 lere
419 3222 606 3284 necessitate
638 3224 776 3301 quadam
817 3219 866 3282 hic
897 3243 1024 3304 quoque
1054 3222 1186 3284 alteram
1218 3243 1351 3284 manum

119 3329 230 3410 requiri
256 3328 491 3401 intellexissem,
515 3337 629 3409 postea
651 3329 727 3402 uidi,
753 3330 854 3408 ipsam
878 3328 1003 3390 alterius
1028 3349 1138 3393 manus
1161 3329 1350 3409 scripturam

119 3441 205 3514 optus
229 3436 410 3496 recentioris
433 3434 512 3496 illius
535 3427 706 3495 inuolucro'
721 3434 884 3496 obtectam
916 3455 1000 3509 esse,
1031 3436 1075 3497 ita
1105 3443 1139 3495 ut
1169 3435 1219 3496 hic
1249 3435 1351 3498 simile

120 3543 267 3604 acciderit
291 3543 377 3622 quod
403 3543 438 3615 2,
465 3547 482 3601 4
505 3546 605 3618 pertin,
637 3541 691 3602 ubi
719 3561 794 3603 sane
817 3542 973 3602 recentior
996 3562 1107 3603 manus
1131 3541 1351 3622 suprascripsit

119 3654 177 3711 eati
192 3669 263 3710 cum
280 3668 391 3710 manus
400 3647 499 3709 altera
513 3648 599 3708 idem
614 3651 672 3710 enti
687 3650 749 3708 iam
760 3648 1078 3728 anteaadscripsisset
1092 3649 1123 3708 in
1138 3649 1299 3728 margine;
1321 3655 1350 3723 5,

120 3760 137 3817 5
163 3761 241 3817 donc
262 3802 292 3819 ..
319 3759 447 3817 Demetri
464 3800 494 3814 ..
518 3773 618 3816 uocem
648 3774 693 3815 me
716 3759 830 3815 memini
854 3756 881 3830 (i.
907 3774 948 3815 m.
974 3760 1102 3835 audisse)
1126 3775 1191 3815 non
1222 3763 1349 3817 tantum

117 3864 318 3923 temerarium
332 3868 416 3922 esset
430 3880 502 3922 cum
516 3858 644 3921 Gertzio
657 3861 794 3922 scribere
808 3864 886 3922 nanc
899 3863 1027 3921 llemetri
1037 3879 1137 3922 uocem
1150 3861 1274 3934 memini,
1290 3863 1349 3924 sed

118 3968 285 4042 uitiosum;
312 3971 341 4043 2,
367 3971 395 4042 2,
421 3968 552 4029 2donec
576 3969 744 4029 obstructus
760 3973 890 4028 comitem
906 3987 937 4027 ae
961 3972 1012 4028 diu
1035 3976 1216 4028 sustentatae
1243 3973 1351 4030 ruinae

118 4079 197 4137 dedit
220 4075 251 4135 in
275 4077 416 4154 margine
441 4073 538 4134 uerba
561 4075 730 4154 inportuna
753 4076 765 4132 t
789 4082 927 4150 arreptus
949 4093 1014 4134 non
1031 4072 1130 4134 altera
1147 4094 1266 4148 manus,
1290 4077 1349 4137 sed

116 4182 272 4242 recentior
295 4180 478 4260 adscripsit;
501 4183 530 4254 3,
555 4182 569 4240 l
588 4180 673 4241 idem
691 4179 774 4240 ualet
798 4181 829 4240 in
845 4179 1098 4241 additamentum
1115 4182 1127 4241 t
1142 4185 1295 4255 uestitum;
1320 4183 1349 4256 6,

119 4289 137 4349 8
155 4306 214 4348 non
232 4291 403 4364 Capitolium
421 4304 567 4367 arcemue,
585 4288 694 4348 hadent
710 4290 766 4346 isto
784 4289 886 4346 hostile
906 4289 1068 4360 fastidium,
1092 4288 1123 4348 in
1139 4287 1281 4366 margine
1298 4307 1349 4349 ue·

115 4397 229 4469 aliatum
252 4413 292 4454 ne
315 4395 420 4473 ipsum
443 4393 572 4473 quidem
596 4412 708 4453 manus
732 4390 885 4466 alteriuS,
906 4392 964 4452 sed
988 4395 1169 4454 recentioris
1194 4402 1258 4467 est,
1283 4415 1349 4475 quo
