<?xml version="1.0" encoding="UTF-8"?>
<!DOCTYPE html PUBLIC "-//W3C//DTD XHTML 1.0 Transitional//EN"
    "http://www.w3.org/TR/xhtml1/DTD/xhtml1-transitional.dtd">
<html xmlns="http://www.w3.org/1999/xhtml" xml:lang="en" lang="en">
 <head>
  <title>
</title>
<meta http-equiv="Content-Type" content="text/html;charset=utf-8" />
  <meta name='ocr-system' content='tesseract 3.04.00' />
  <meta name='ocr-capabilities' content='ocr_page ocr_carea ocr_par ocr_line ocrx_word'/>
</head>
<body>
  <div class='ocr_page' id='page_1' title='image "./lannaeisenecaed00vahlgoog_0188.png"; bbox 0 0 3046 5092; ppageno 0'>
   <div class='ocr_carea' id='block_1_1' title="bbox 346 331 1351 404">
    <p class='ocr_par' dir='ltr' id='par_1_1' title="bbox 346 331 1351 404">
     <span class='ocr_line' id='line_1_1' title="bbox 346 331 1351 404; baseline 0.008 -32"><span class='ocrx_word' id='word_1_1' title='bbox 346 332 425 374; x_wconf 70' lang='lat' dir='ltr'>mni..</span> <span class='ocrx_word' id='word_1_2' title='bbox 440 332 478 373; x_wconf 91' lang='lat' dir='ltr'>VI.</span> <span class='ocrx_word' id='word_1_3' title='bbox 506 332 549 372; x_wconf 84' lang='lat' dir='ltr'>AD</span> <span class='ocrx_word' id='word_1_4' title='bbox 564 332 707 373; x_wconf 73' lang='lat' dir='ltr'>MARCIAM</span> <span class='ocrx_word' id='word_1_5' title='bbox 722 332 762 372; x_wconf 83' lang='lat' dir='ltr'>DE</span> <span class='ocrx_word' id='word_1_6' title='bbox 777 331 1020 374; x_wconf 83' lang='lat' dir='ltr'>CONSOLATIONE.</span> <span class='ocrx_word' id='word_1_7' title='bbox 1048 334 1083 377; x_wconf 71' lang='lat' dir='ltr'>Il.</span> <span class='ocrx_word' id='word_1_8' title='bbox 1098 335 1133 378; x_wconf 74' lang='lat' dir='ltr'>iu.</span> <span class='ocrx_word' id='word_1_9' title='bbox 1290 343 1351 404; x_wconf 75' lang='lat'>149</span> 
     </span>
    </p>
   </div>
   <div class='ocr_carea' id='block_1_2' title="bbox 24 476 1405 2584">
    <p class='ocr_par' dir='ltr' id='par_1_2' title="bbox 70 476 1378 1199">
     <span class='ocr_line' id='line_1_2' title="bbox 124 476 1352 558; baseline 0.001 -17"><span class='ocrx_word' id='word_1_10' title='bbox 124 480 182 541; x_wconf 87' lang='lat' dir='ltr'>sibi</span> <span class='ocrx_word' id='word_1_11' title='bbox 220 480 273 544; x_wconf 91' lang='lat' dir='ltr'>uni</span> <span class='ocrx_word' id='word_1_12' title='bbox 312 488 509 551; x_wconf 89' lang='lat' dir='ltr'>mansuetos,</span> <span class='ocrx_word' id='word_1_13' title='bbox 549 477 694 540; x_wconf 90' lang='lat' dir='ltr'>omnibus</span> <span class='ocrx_word' id='word_1_14' title='bbox 730 476 813 539; x_wconf 88' lang='lat' dir='ltr'>feros</span> <span class='ocrx_word' id='word_1_15' title='bbox 844 477 991 552; x_wconf 88' lang='lat' dir='ltr'>haberet,</span> <span class='ocrx_word' id='word_1_16' title='bbox 1030 480 1181 558; x_wconf 86' lang='lat' dir='ltr'>sanguine</span> <span class='ocrx_word' id='word_1_17' title='bbox 1212 480 1352 542; x_wconf 88' lang='lat' dir='ltr'>humano</span> 
     </span>
     <span class='ocr_line' id='line_1_3' title="bbox 114 583 1352 668; baseline 0.003 -22"><span class='ocrx_word' id='word_1_18' title='bbox 114 585 291 666; x_wconf 86' lang='lat' dir='ltr'>pascebat,</span> <span class='ocrx_word' id='word_1_19' title='bbox 330 584 560 646; x_wconf 83' lang='lat' dir='ltr'>circumlatrare</span> <span class='ocrx_word' id='word_1_20' title='bbox 598 583 760 646; x_wconf 90' lang='lat' dir='ltr'>hominem</span> <span class='ocrx_word' id='word_1_21' title='bbox 790 594 824 646; x_wconf 86' lang='lat' dir='ltr'>¹et</span> <span class='ocrx_word' id='word_1_22' title='bbox 854 586 916 645; x_wconf 88' lang='lat' dir='ltr'>iam</span> <span class='ocrx_word' id='word_1_23' title='bbox 947 585 1064 646; x_wconf 88' lang='lat' dir='ltr'>laniare</span> <span class='ocrx_word' id='word_1_24' title='bbox 1095 586 1352 668; x_wconf 89' lang='lat' dir='ltr'>intemperantius</span> 
     </span>
     <span class='ocr_line' id='line_1_4' title="bbox 70 689 1352 774; baseline 0.002 -20"><span class='ocrx_word' id='word_1_25' title='bbox 70 705 87 759; x_wconf 85' lang='lat'>6</span> <span class='ocrx_word' id='word_1_26' title='bbox 111 692 280 774; x_wconf 82' lang='lat' dir='ltr'>incipiunt</span> <span class='ocrx_word' id='word_1_27' title='bbox 326 693 402 772; x_wconf 90' lang='lat' dir='ltr'>quid</span> <span class='ocrx_word' id='word_1_28' title='bbox 426 689 563 753; x_wconf 85' lang='lat' dir='ltr'>faceret?</span> <span class='ocrx_word' id='word_1_29' title='bbox 587 692 611 752; x_wconf 92' lang='lat' dir='ltr'>si</span> <span class='ocrx_word' id='word_1_30' title='bbox 636 691 739 752; x_wconf 91' lang='lat' dir='ltr'>uiuere</span> <span class='ocrx_word' id='word_1_31' title='bbox 763 690 865 763; x_wconf 88' lang='lat' dir='ltr'>uellet,</span> <span class='ocrx_word' id='word_1_32' title='bbox 889 690 1020 754; x_wconf 87' lang='lat' dir='ltr'>Seianus</span> <span class='ocrx_word' id='word_1_33' title='bbox 1043 694 1204 772; x_wconf 86' lang='lat' dir='ltr'>rogandus</span> <span class='ocrx_word' id='word_1_34' title='bbox 1227 703 1302 769; x_wconf 90' lang='lat' dir='ltr'>erat,</span> <span class='ocrx_word' id='word_1_35' title='bbox 1327 696 1352 756; x_wconf 91' lang='lat' dir='ltr'>si</span> 
     </span>
     <span class='ocr_line' id='line_1_5' title="bbox 104 796 1352 882; baseline 0.002 -22"><span class='ocrx_word' id='word_1_36' title='bbox 104 799 212 873; x_wconf 86' lang='lat' dir='ltr'>mori,</span> <span class='ocrx_word' id='word_1_37' title='bbox 236 797 307 873; x_wconf 88' lang='lat' dir='ltr'>filia,</span> <span class='ocrx_word' id='word_1_38' title='bbox 331 807 462 879; x_wconf 90' lang='lat' dir='ltr'>uterque</span> <span class='ocrx_word' id='word_1_39' title='bbox 478 796 697 858; x_wconf 90' lang='lat' dir='ltr'>inexorabilis:</span> <span class='ocrx_word' id='word_1_40' title='bbox 725 799 884 860; x_wconf 86' lang='lat' dir='ltr'>constituit</span> <span class='ocrx_word' id='word_1_41' title='bbox 900 797 994 859; x_wconf 85' lang='lat' dir='ltr'>filiam</span> <span class='ocrx_word' id='word_1_42' title='bbox 1010 797 1123 860; x_wconf 86' lang='lat' dir='ltr'>fallere.</span> <span class='ocrx_word' id='word_1_43' title='bbox 1159 821 1232 861; x_wconf 92' lang='lat' dir='ltr'>usus</span> <span class='ocrx_word' id='word_1_44' title='bbox 1247 801 1352 882; x_wconf 90' lang='lat' dir='ltr'>itaque</span> 
     </span>
     <span class='ocr_line' id='line_1_6' title="bbox 103 903 1378 987; baseline 0.004 -23"><span class='ocrx_word' id='word_1_45' title='bbox 103 905 258 981; x_wconf 90' lang='lat' dir='ltr'>baline0,</span> <span class='ocrx_word' id='word_1_46' title='bbox 284 905 337 985; x_wconf 84' lang='lat' dir='ltr'>[et]</span> <span class='ocrx_word' id='word_1_47' title='bbox 362 926 426 984; x_wconf 92' lang='lat' dir='ltr'>quo</span> <span class='ocrx_word' id='word_1_48' title='bbox 449 903 519 984; x_wconf 88' lang='lat' dir='ltr'>plus</span> <span class='ocrx_word' id='word_1_49' title='bbox 543 904 652 965; x_wconf 92' lang='lat' dir='ltr'>uirium</span> <span class='ocrx_word' id='word_1_50' title='bbox 675 913 817 984; x_wconf 89' lang='lat' dir='ltr'>poneret,</span> <span class='ocrx_word' id='word_1_51' title='bbox 841 906 871 965; x_wconf 94' lang='lat' dir='ltr'>in</span> <span class='ocrx_word' id='word_1_52' title='bbox 895 905 1070 966; x_wconf 86' lang='lat' dir='ltr'>cubiculum</span> <span class='ocrx_word' id='word_1_53' title='bbox 1091 926 1126 967; x_wconf 88' lang='lat' dir='ltr'>se</span> <span class='ocrx_word' id='word_1_54' title='bbox 1141 907 1228 987; x_wconf 86' lang='lat' dir='ltr'>quasi</span> <span class='ocrx_word' id='word_1_55' title='bbox 1244 918 1378 986; x_wconf 77' lang='lat' dir='ltr'>gusta-r</span> 
     </span>
     <span class='ocr_line' id='line_1_7' title="bbox 96 1011 1352 1092; baseline 0.001 -18"><span class='ocrx_word' id='word_1_56' title='bbox 96 1021 209 1074; x_wconf 84' lang='lat' dir='ltr'>turus</span> <span class='ocrx_word' id='word_1_57' title='bbox 230 1012 361 1074; x_wconf 89' lang='lat' dir='ltr'>contulit</span> <span class='ocrx_word' id='word_1_58' title='bbox 378 1020 410 1072; x_wconf 89' lang='lat' dir='ltr'>et</span> <span class='ocrx_word' id='word_1_59' title='bbox 426 1011 559 1072; x_wconf 88' lang='lat' dir='ltr'>dimissis</span> <span class='ocrx_word' id='word_1_60' title='bbox 575 1011 679 1091; x_wconf 89' lang='lat' dir='ltr'>pueris</span> <span class='ocrx_word' id='word_1_61' title='bbox 695 1014 852 1091; x_wconf 82' lang='lat' dir='ltr'>quaedam</span> <span class='ocrx_word' id='word_1_62' title='bbox 869 1033 925 1092; x_wconf 90' lang='lat' dir='ltr'>per</span> <span class='ocrx_word' id='word_1_63' title='bbox 941 1011 1120 1087; x_wconf 87' lang='lat' dir='ltr'>fenestram,</span> <span class='ocrx_word' id='word_1_64' title='bbox 1144 1022 1177 1073; x_wconf 93' lang='lat' dir='ltr'>ut</span> <span class='ocrx_word' id='word_1_65' title='bbox 1193 1014 1352 1076; x_wconf 91' lang='lat' dir='ltr'>uideretur</span> 
     </span>
     <span class='ocr_line' id='line_1_8' title="bbox 97 1118 1351 1199; baseline 0.004 -20"><span class='ocrx_word' id='word_1_66' title='bbox 97 1120 233 1192; x_wconf 85' lang='lat' dir='ltr'>edisse,</span> <span class='ocrx_word' id='word_1_67' title='bbox 259 1119 398 1199; x_wconf 91' lang='lat' dir='ltr'>proiecit.</span> <span class='ocrx_word' id='word_1_68' title='bbox 444 1138 463 1179; x_wconf 89' lang='lat' dir='ltr'>a</span> <span class='ocrx_word' id='word_1_69' title='bbox 486 1138 564 1178; x_wconf 91' lang='lat' dir='ltr'>cena</span> <span class='ocrx_word' id='word_1_70' title='bbox 588 1118 710 1193; x_wconf 89' lang='lat' dir='ltr'>deinde,</span> <span class='ocrx_word' id='word_1_71' title='bbox 735 1120 822 1199; x_wconf 88' lang='lat' dir='ltr'>quasi</span> <span class='ocrx_word' id='word_1_72' title='bbox 845 1120 907 1180; x_wconf 87' lang='lat' dir='ltr'>iam</span> <span class='ocrx_word' id='word_1_73' title='bbox 928 1120 1003 1180; x_wconf 87' lang='lat' dir='ltr'>satis</span> <span class='ocrx_word' id='word_1_74' title='bbox 1020 1119 1049 1180; x_wconf 91' lang='lat' dir='ltr'>in</span> <span class='ocrx_word' id='word_1_75' title='bbox 1067 1119 1351 1198; x_wconf 86' lang='lat' dir='ltr'>eubiculoedisset,</span> 
     </span>
    </p>

    <p class='ocr_par' dir='ltr' id='par_1_3' title="bbox 31 1224 1405 1733">
     <span class='ocr_line' id='line_1_9' title="bbox 31 1224 1351 1309; baseline 0.006 -26"><span class='ocrx_word' id='word_1_76' title='bbox 31 1274 36 1283; x_wconf 61' lang='lat'>,</span> <span class='ocrx_word' id='word_1_77' title='bbox 94 1226 280 1288; x_wconf 85' lang='lat' dir='ltr'>abstinuit.</span> <span class='ocrx_word' id='word_1_78' title='bbox 326 1224 426 1286; x_wconf 89' lang='lat' dir='ltr'>altero</span> <span class='ocrx_word' id='word_1_79' title='bbox 456 1244 583 1306; x_wconf 92' lang='lat' dir='ltr'>quoque</span> <span class='ocrx_word' id='word_1_80' title='bbox 614 1226 665 1286; x_wconf 90' lang='lat' dir='ltr'>die</span> <span class='ocrx_word' id='word_1_81' title='bbox 695 1235 727 1286; x_wconf 91' lang='lat' dir='ltr'>et</span> <span class='ocrx_word' id='word_1_82' title='bbox 754 1227 851 1292; x_wconf 60' lang='lat' dir='ltr'>‚tertio</span> <span class='ocrx_word' id='word_1_83' title='bbox 882 1226 967 1287; x_wconf 90' lang='lat' dir='ltr'>idem</span> <span class='ocrx_word' id='word_1_84' title='bbox 999 1225 1078 1289; x_wconf 89' lang='lat' dir='ltr'>fecit.</span> <span class='ocrx_word' id='word_1_85' title='bbox 1124 1236 1252 1307; x_wconf 91' lang='lat' dir='ltr'>quartus</span> <span class='ocrx_word' id='word_1_86' title='bbox 1284 1230 1351 1309; x_wconf 88' lang='lat' dir='ltr'>ipsa</span> 
     </span>
     <span class='ocr_line' id='line_1_10' title="bbox 95 1330 1405 1414; baseline 0.005 -22"><span class='ocrx_word' id='word_1_87' title='bbox 95 1331 302 1393; x_wconf 89' lang='lat' dir='ltr'>infirmitate</span> <span class='ocrx_word' id='word_1_88' title='bbox 333 1331 473 1412; x_wconf 90' lang='lat' dir='ltr'>corporis</span> <span class='ocrx_word' id='word_1_89' title='bbox 505 1330 639 1392; x_wconf 88' lang='lat' dir='ltr'>faciebat</span> <span class='ocrx_word' id='word_1_90' title='bbox 671 1332 825 1393; x_wconf 90' lang='lat' dir='ltr'>indicium.</span> <span class='ocrx_word' id='word_1_91' title='bbox 879 1331 1054 1412; x_wconf 82' lang='lat' dir='ltr'>conplexus</span> <span class='ocrx_word' id='word_1_92' title='bbox 1085 1334 1190 1414; x_wconf 91' lang='lat' dir='ltr'>itaque</span> <span class='ocrx_word' id='word_1_93' title='bbox 1220 1345 1268 1414; x_wconf 91' lang='lat' dir='ltr'>te,</span> <span class='ocrx_word' id='word_1_94' title='bbox 1300 1357 1349 1397; x_wconf 88' lang='lat' dir='ltr'>ca·</span> <span class='ocrx_word' id='word_1_95' title='bbox 1404 1337 1405 1342; x_wconf 72' lang='grc'>’</span> 
     </span>
     <span class='ocr_line' id='line_1_11' title="bbox 93 1436 1390 1518; baseline 0.002 -17"><span class='ocrx_word' id='word_1_96' title='bbox 93 1440 257 1514; x_wconf 76' lang='lat' dir='ltr'>tissima,</span> <span class='ocrx_word' id='word_1_97' title='bbox 288 1439 402 1518; x_wconf 89' lang='lat' dir='ltr'>inquit,</span> <span class='ocrx_word' id='word_1_98' title='bbox 433 1436 494 1498; x_wconf 85' lang='lat' dir='ltr'>filia</span> <span class='ocrx_word' id='word_1_99' title='bbox 525 1446 557 1499; x_wconf 91' lang='lat' dir='ltr'>et</span> <span class='ocrx_word' id='word_1_100' title='bbox 587 1437 649 1499; x_wconf 92' lang='lat' dir='ltr'>hoc</span> <span class='ocrx_word' id='word_1_101' title='bbox 681 1458 776 1498; x_wconf 91' lang='lat' dir='ltr'>unum</span> <span class='ocrx_word' id='word_1_102' title='bbox 808 1447 877 1500; x_wconf 90' lang='lat' dir='ltr'>tota</span> <span class='ocrx_word' id='word_1_103' title='bbox 908 1438 1009 1499; x_wconf 88' lang='lat' dir='ltr'>celata</span> <span class='ocrx_word' id='word_1_104' title='bbox 1040 1439 1118 1512; x_wconf 88' lang='lat' dir='ltr'>uita,</span> <span class='ocrx_word' id='word_1_105' title='bbox 1150 1440 1208 1501; x_wconf 86' lang='lat' dir='ltr'>iter</span> <span class='ocrx_word' id='word_1_106' title='bbox 1240 1444 1350 1506; x_wconf 88' lang='lat' dir='ltr'>mortis</span> <span class='ocrx_word' id='word_1_107' title='bbox 1368 1466 1390 1504; x_wconf 84' lang='lat' dir='ltr'>ro</span> 
     </span>
     <span class='ocr_line' id='line_1_12' title="bbox 93 1544 1349 1626; baseline 0.004 -20"><span class='ocrx_word' id='word_1_108' title='bbox 93 1547 279 1626; x_wconf 88' lang='lat' dir='ltr'>ingressus</span> <span class='ocrx_word' id='word_1_109' title='bbox 301 1564 371 1606; x_wconf 93' lang='lat' dir='ltr'>sum</span> <span class='ocrx_word' id='word_1_110' title='bbox 396 1555 427 1606; x_wconf 93' lang='lat' dir='ltr'>et</span> <span class='ocrx_word' id='word_1_111' title='bbox 450 1545 512 1606; x_wconf 91' lang='lat' dir='ltr'>iam</span> <span class='ocrx_word' id='word_1_112' title='bbox 537 1545 677 1606; x_wconf 91' lang='lat' dir='ltr'>medium</span> <span class='ocrx_word' id='word_1_113' title='bbox 701 1544 765 1605; x_wconf 90' lang='lat' dir='ltr'>fere</span> <span class='ocrx_word' id='word_1_114' title='bbox 788 1553 890 1606; x_wconf 86' lang='lat' dir='ltr'>teneo</span> <span class='ocrx_word' id='word_1_115' title='bbox 930 1549 1154 1607; x_wconf 86' lang='lat' dir='ltr'>reuocare&#39;me</span> <span class='ocrx_word' id='word_1_116' title='bbox 1176 1567 1235 1609; x_wconf 90' lang='lat' dir='ltr'>nec</span> <span class='ocrx_word' id='word_1_117' title='bbox 1250 1550 1349 1612; x_wconf 90' lang='lat' dir='ltr'>debes</span> 
     </span>
     <span class='ocr_line' id='line_1_13' title="bbox 98 1650 1360 1733; baseline 0.002 -19"><span class='ocrx_word' id='word_1_118' title='bbox 98 1673 179 1714; x_wconf 86' lang='lat' dir='ltr'>11ec</span> <span class='ocrx_word' id='word_1_119' title='bbox 201 1661 305 1733; x_wconf 90' lang='lat' dir='ltr'>potes.</span> <span class='ocrx_word' id='word_1_120' title='bbox 351 1660 447 1731; x_wconf 90' lang='lat' dir='ltr'>atque</span> <span class='ocrx_word' id='word_1_121' title='bbox 469 1651 513 1711; x_wconf 92' lang='lat' dir='ltr'>ita</span> <span class='ocrx_word' id='word_1_122' title='bbox 536 1652 620 1712; x_wconf 91' lang='lat' dir='ltr'>iussit</span> <span class='ocrx_word' id='word_1_123' title='bbox 643 1650 748 1712; x_wconf 91' lang='lat' dir='ltr'>lumen</span> <span class='ocrx_word' id='word_1_124' title='bbox 772 1671 867 1712; x_wconf 94' lang='lat' dir='ltr'>omne</span> <span class='ocrx_word' id='word_1_125' title='bbox 884 1652 1041 1731; x_wconf 90' lang='lat' dir='ltr'>praecludi</span> <span class='ocrx_word' id='word_1_126' title='bbox 1057 1661 1090 1714; x_wconf 91' lang='lat' dir='ltr'>et</span> <span class='ocrx_word' id='word_1_127' title='bbox 1105 1673 1139 1714; x_wconf 91' lang='lat' dir='ltr'>se</span> <span class='ocrx_word' id='word_1_128' title='bbox 1155 1654 1185 1714; x_wconf 91' lang='lat' dir='ltr'>in</span> <span class='ocrx_word' id='word_1_129' title='bbox 1201 1655 1360 1717; x_wconf 84' lang='lat' dir='ltr'>tenebras.</span> 
     </span>
    </p>

    <p class='ocr_par' dir='ltr' id='par_1_4' title="bbox 24 1756 1388 2159">
     <span class='ocr_line' id='line_1_14' title="bbox 24 1756 1346 1840; baseline 0.005 -23"><span class='ocrx_word' id='word_1_130' title='bbox 24 1766 45 1817; x_wconf 74' lang='grc'>7</span> <span class='ocrx_word' id='word_1_131' title='bbox 105 1758 271 1821; x_wconf 78' lang='lat' dir='ltr'>condidit.</span> <span class='ocrx_word' id='word_1_132' title='bbox 317 1759 446 1838; x_wconf 90' lang='lat' dir='ltr'>cognito</span> <span class='ocrx_word' id='word_1_133' title='bbox 471 1757 599 1819; x_wconf 90' lang='lat' dir='ltr'>consilio</span> <span class='ocrx_word' id='word_1_134' title='bbox 623 1759 688 1818; x_wconf 90' lang='lat' dir='ltr'>eius</span> <span class='ocrx_word' id='word_1_135' title='bbox 710 1757 836 1838; x_wconf 89' lang='lat' dir='ltr'>publica</span> <span class='ocrx_word' id='word_1_136' title='bbox 857 1756 1002 1838; x_wconf 91' lang='lat' dir='ltr'>uoluptas</span> <span class='ocrx_word' id='word_1_137' title='bbox 1018 1767 1092 1833; x_wconf 89' lang='lat' dir='ltr'>erat,</span> <span class='ocrx_word' id='word_1_138' title='bbox 1117 1760 1204 1840; x_wconf 93' lang='lat' dir='ltr'>quod</span> <span class='ocrx_word' id='word_1_139' title='bbox 1221 1781 1238 1821; x_wconf 99' lang='lat' dir='ltr'>e</span> <span class='ocrx_word' id='word_1_140' title='bbox 1254 1759 1346 1823; x_wconf 90' lang='lat' dir='ltr'>fauci-</span> 
     </span>
     <span class='ocr_line' id='line_1_15' title="bbox 101 1863 1349 1945; baseline 0.002 -18"><span class='ocrx_word' id='word_1_141' title='bbox 101 1863 179 1927; x_wconf 72' lang='lat' dir='ltr'>bus</span> <span class='ocrx_word' id='word_1_142' title='bbox 201 1864 453 1927; x_wconf 88' lang='lat' dir='ltr'>auidissimorum</span> <span class='ocrx_word' id='word_1_143' title='bbox 477 1865 621 1944; x_wconf 90' lang='lat' dir='ltr'>luporum</span> <span class='ocrx_word' id='word_1_144' title='bbox 639 1865 824 1926; x_wconf 84' lang='lat' dir='ltr'>educeretur</span> <span class='ocrx_word' id='word_1_145' title='bbox 840 1866 966 1945; x_wconf 91' lang='lat' dir='ltr'>praeda.</span> <span class='ocrx_word' id='word_1_146' title='bbox 1005 1874 1203 1927; x_wconf 84' lang='lat' dir='ltr'>accusatores</span> <span class='ocrx_word' id='word_1_147' title='bbox 1219 1875 1349 1930; x_wconf 90' lang='lat' dir='ltr'>auctore</span> 
     </span>
     <span class='ocr_line' id='line_1_16' title="bbox 105 1969 1388 2051; baseline 0 -16"><span class='ocrx_word' id='word_1_148' title='bbox 105 1970 237 2035; x_wconf 80' lang='lat' dir='ltr'>Seiano</span> <span class='ocrx_word' id='word_1_149' title='bbox 267 1973 386 2034; x_wconf 91' lang='lat' dir='ltr'>adeunt</span> <span class='ocrx_word' id='word_1_150' title='bbox 417 1969 579 2032; x_wconf 91' lang='lat' dir='ltr'>consulum</span> <span class='ocrx_word' id='word_1_151' title='bbox 612 1969 789 2044; x_wconf 90' lang='lat' dir='ltr'>tribunalia,</span> <span class='ocrx_word' id='word_1_152' title='bbox 820 1981 991 2051; x_wconf 90' lang='lat' dir='ltr'>queruntur</span> <span class='ocrx_word' id='word_1_153' title='bbox 1018 1973 1098 2033; x_wconf 93' lang='lat' dir='ltr'>mori</span> <span class='ocrx_word' id='word_1_154' title='bbox 1123 1971 1281 2047; x_wconf 86' lang='lat' dir='ltr'>Cordum,</span> <span class='ocrx_word' id='word_1_155' title='bbox 1314 1982 1348 2035; x_wconf 92' lang='lat' dir='ltr'>ut</span> <span class='ocrx_word' id='word_1_156' title='bbox 1364 1996 1388 2035; x_wconf 81' lang='lat'>15</span> 
     </span>
     <span class='ocr_line' id='line_1_17' title="bbox 110 2076 1348 2159; baseline 0.003 -21"><span class='ocrx_word' id='word_1_157' title='bbox 110 2076 354 2159; x_wconf 86' lang='lat' dir='ltr'>interpellarent</span> <span class='ocrx_word' id='word_1_158' title='bbox 381 2077 467 2158; x_wconf 90' lang='lat' dir='ltr'>quod</span> <span class='ocrx_word' id='word_1_159' title='bbox 491 2085 678 2157; x_wconf 86' lang='lat' dir='ltr'>coegerant,</span> <span class='ocrx_word' id='word_1_160' title='bbox 702 2087 812 2138; x_wconf 87' lang='lat' dir='ltr'>orant:</span> <span class='ocrx_word' id='word_1_161' title='bbox 848 2079 931 2138; x_wconf 90' lang='lat' dir='ltr'>adeo</span> <span class='ocrx_word' id='word_1_162' title='bbox 955 2077 1011 2139; x_wconf 92' lang='lat' dir='ltr'>illis</span> <span class='ocrx_word' id='word_1_163' title='bbox 1036 2076 1159 2139; x_wconf 84' lang='lat' dir='ltr'>Cordus</span> <span class='ocrx_word' id='word_1_164' title='bbox 1183 2080 1348 2143; x_wconf 88' lang='lat' dir='ltr'>uidebatur</span> 
     </span>
    </p>

    <p class='ocr_par' dir='ltr' id='par_1_5' title="bbox 25 2183 1347 2481">
     <span class='ocr_line' id='line_1_18' title="bbox 25 2183 1346 2268; baseline 0.002 -22"><span class='ocrx_word' id='word_1_165' title='bbox 25 2183 57 2236; x_wconf 70' lang='grc'>8</span> <span class='ocrx_word' id='word_1_166' title='bbox 116 2183 269 2264; x_wconf 83' lang='lat' dir='ltr'>effugere.</span> <span class='ocrx_word' id='word_1_167' title='bbox 314 2202 429 2261; x_wconf 87' lang='lat' dir='ltr'>magna</span> <span class='ocrx_word' id='word_1_168' title='bbox 454 2192 591 2244; x_wconf 90' lang='lat' dir='ltr'>reserat</span> <span class='ocrx_word' id='word_1_169' title='bbox 622 2185 651 2244; x_wconf 93' lang='lat' dir='ltr'>in</span> <span class='ocrx_word' id='word_1_170' title='bbox 667 2184 882 2264; x_wconf 84' lang='lat' dir='ltr'>quaestione,</span> <span class='ocrx_word' id='word_1_171' title='bbox 914 2204 953 2244; x_wconf 89' lang='lat' dir='ltr'>an</span> <span class='ocrx_word' id='word_1_172' title='bbox 985 2185 1095 2246; x_wconf 93' lang='lat' dir='ltr'>mortis</span> <span class='ocrx_word' id='word_1_173' title='bbox 1126 2186 1172 2247; x_wconf 88' lang='lat' dir='ltr'>ius</span> <span class='ocrx_word' id='word_1_174' title='bbox 1203 2188 1247 2248; x_wconf 90' lang='lat' dir='ltr'>rei</span> <span class='ocrx_word' id='word_1_175' title='bbox 1277 2208 1346 2268; x_wconf 92' lang='lat' dir='ltr'>per-</span> 
     </span>
     <span class='ocr_line' id='line_1_19' title="bbox 116 2288 1347 2368; baseline 0.001 -14"><span class='ocrx_word' id='word_1_176' title='bbox 116 2294 240 2354; x_wconf 90' lang='lat' dir='ltr'>derent.</span> <span class='ocrx_word' id='word_1_177' title='bbox 292 2290 368 2351; x_wconf 92' lang='lat' dir='ltr'>dum</span> <span class='ocrx_word' id='word_1_178' title='bbox 400 2288 605 2364; x_wconf 89' lang='lat' dir='ltr'>deliberatur,</span> <span class='ocrx_word' id='word_1_179' title='bbox 645 2292 720 2352; x_wconf 93' lang='lat' dir='ltr'>dum</span> <span class='ocrx_word' id='word_1_180' title='bbox 753 2299 951 2368; x_wconf 89' lang='lat' dir='ltr'>accusatores</span> <span class='ocrx_word' id='word_1_181' title='bbox 982 2293 1093 2353; x_wconf 92' lang='lat' dir='ltr'>iterum</span> <span class='ocrx_word' id='word_1_182' title='bbox 1125 2295 1258 2367; x_wconf 90' lang='lat' dir='ltr'>adeunt,</span> <span class='ocrx_word' id='word_1_183' title='bbox 1297 2293 1347 2356; x_wconf 93' lang='lat' dir='ltr'>ille</span> 
     </span>
     <span class='ocr_line' id='line_1_20' title="bbox 119 2395 1346 2481; baseline 0.003 -22"><span class='ocrx_word' id='word_1_184' title='bbox 119 2419 154 2459; x_wconf 89' lang='lat' dir='ltr'>se</span> <span class='ocrx_word' id='word_1_185' title='bbox 184 2395 373 2459; x_wconf 90' lang='lat' dir='ltr'>absoluerat.</span> <span class='ocrx_word' id='word_1_186' title='bbox 403 2396 572 2470; x_wconf 81' lang='lat' dir='ltr'>uidesne,</span> <span class='ocrx_word' id='word_1_187' title='bbox 603 2396 735 2470; x_wconf 87' lang='lat' dir='ltr'>Marcia,</span> <span class='ocrx_word' id='word_1_188' title='bbox 775 2405 911 2477; x_wconf 89' lang='lat' dir='ltr'>quantae</span> <span class='ocrx_word' id='word_1_189' title='bbox 950 2397 1126 2478; x_wconf 89' lang='lat' dir='ltr'>iniquorum</span> <span class='ocrx_word' id='word_1_190' title='bbox 1164 2408 1346 2481; x_wconf 91' lang='lat' dir='ltr'>temporum</span> 
     </span>
    </p>

    <p class='ocr_par' dir='ltr' id='par_1_6' title="bbox 123 2501 1389 2584">
     <span class='ocr_line' id='line_1_21' title="bbox 123 2501 1389 2584; baseline 0 -18"><span class='ocrx_word' id='word_1_191' title='bbox 123 2506 202 2566; x_wconf 89' lang='lat' dir='ltr'>uices</span> <span class='ocrx_word' id='word_1_192' title='bbox 227 2523 270 2564; x_wconf 86' lang='lat' dir='ltr'>ex</span> <span class='ocrx_word' id='word_1_193' title='bbox 293 2503 455 2584; x_wconf 91' lang='lat' dir='ltr'>inopinato</span> <span class='ocrx_word' id='word_1_194' title='bbox 479 2502 644 2582; x_wconf 86' lang='lat' dir='ltr'>ingruant?</span> <span class='ocrx_word' id='word_1_195' title='bbox 677 2501 742 2577; x_wconf 87' lang='lat' dir='ltr'>fles,</span> <span class='ocrx_word' id='word_1_196' title='bbox 765 2503 851 2582; x_wconf 95' lang='lat' dir='ltr'>quod</span> <span class='ocrx_word' id='word_1_197' title='bbox 875 2503 964 2566; x_wconf 89' lang='lat' dir='ltr'>alicui</span> <span class='ocrx_word' id='word_1_198' title='bbox 979 2514 1105 2567; x_wconf 90' lang='lat' dir='ltr'>tuorum</span> <span class='ocrx_word' id='word_1_199' title='bbox 1123 2506 1202 2568; x_wconf 92' lang='lat' dir='ltr'>mori</span> <span class='ocrx_word' id='word_1_200' title='bbox 1218 2527 1347 2570; x_wconf 90' lang='lat' dir='ltr'>necesse</span> <span class='ocrx_word' id='word_1_201' title='bbox 1363 2526 1389 2567; x_wconf 75' lang='lat' dir='ltr'>io</span> 
     </span>
    </p>
   </div>
   <div class='ocr_carea' id='block_1_3' title="bbox 30 2606 1436 3225">
    <p class='ocr_par' dir='ltr' id='par_1_7' title="bbox 124 2606 531 2692">
     <span class='ocr_line' id='line_1_22' title="bbox 124 2606 531 2692; baseline -0.007 -20"><span class='ocrx_word' id='word_1_202' title='bbox 124 2609 196 2672; x_wconf 87' lang='lat' dir='ltr'>luit?</span> <span class='ocrx_word' id='word_1_203' title='bbox 228 2629 330 2692; x_wconf 90' lang='lat' dir='ltr'>paene</span> <span class='ocrx_word' id='word_1_204' title='bbox 353 2629 416 2670; x_wconf 92' lang='lat' dir='ltr'>non</span> <span class='ocrx_word' id='word_1_205' title='bbox 440 2606 531 2670; x_wconf 93' lang='lat' dir='ltr'>licuit.</span> 
     </span>
    </p>

    <p class='ocr_par' dir='ltr' id='par_1_8' title="bbox 121 2714 1436 3015">
     <span class='ocr_line' id='line_1_23' title="bbox 209 2714 1347 2796; baseline 0.004 -18"><span class='ocrx_word' id='word_1_206' title='bbox 209 2715 324 2778; x_wconf 91' lang='lat' dir='ltr'>XXIII.</span> <span class='ocrx_word' id='word_1_207' title='bbox 364 2715 491 2777; x_wconf 90' lang='lat' dir='ltr'>Praeter</span> <span class='ocrx_word' id='word_1_208' title='bbox 521 2714 584 2776; x_wconf 94' lang='lat' dir='ltr'>hoc</span> <span class='ocrx_word' id='word_1_209' title='bbox 611 2716 698 2796; x_wconf 91' lang='lat' dir='ltr'>quod</span> <span class='ocrx_word' id='word_1_210' title='bbox 721 2736 817 2777; x_wconf 91' lang='lat' dir='ltr'>omne</span> <span class='ocrx_word' id='word_1_211' title='bbox 841 2715 977 2779; x_wconf 90' lang='lat' dir='ltr'>futurum</span> <span class='ocrx_word' id='word_1_212' title='bbox 1002 2719 1154 2780; x_wconf 91' lang='lat' dir='ltr'>incertum</span> <span class='ocrx_word' id='word_1_213' title='bbox 1180 2728 1227 2781; x_wconf 91' lang='lat' dir='ltr'>est</span> <span class='ocrx_word' id='word_1_214' title='bbox 1251 2731 1283 2782; x_wconf 87' lang='lat' dir='ltr'>et</span> <span class='ocrx_word' id='word_1_215' title='bbox 1305 2722 1347 2782; x_wconf 90' lang='lat' dir='ltr'>ad</span> 
     </span>
     <span class='ocr_line' id='line_1_24' title="bbox 123 2819 1436 2906; baseline 0.002 -21"><span class='ocrx_word' id='word_1_216' title='bbox 123 2824 278 2886; x_wconf 89' lang='lat' dir='ltr'>deteriora</span> <span class='ocrx_word' id='word_1_217' title='bbox 308 2822 437 2896; x_wconf 90' lang='lat' dir='ltr'>certius,</span> <span class='ocrx_word' id='word_1_218' title='bbox 469 2819 649 2883; x_wconf 89' lang='lat' dir='ltr'>facillimum</span> <span class='ocrx_word' id='word_1_219' title='bbox 681 2823 722 2883; x_wconf 90' lang='lat' dir='ltr'>ad</span> <span class='ocrx_word' id='word_1_220' title='bbox 753 2825 885 2904; x_wconf 76' lang='lat' dir='ltr'>superos</span> <span class='ocrx_word' id='word_1_221' title='bbox 916 2824 974 2885; x_wconf 89' lang='lat' dir='ltr'>iter</span> <span class='ocrx_word' id='word_1_222' title='bbox 994 2834 1052 2884; x_wconf 86' lang='lat' dir='ltr'>est</span> <span class='ocrx_word' id='word_1_223' title='bbox 1083 2824 1193 2906; x_wconf 82' lang='lat' dir='ltr'>animis</span> <span class='ocrx_word' id='word_1_224' title='bbox 1218 2828 1281 2888; x_wconf 89' lang='lat' dir='ltr'>cito</span> <span class='ocrx_word' id='word_1_225' title='bbox 1305 2828 1346 2887; x_wconf 93' lang='lat' dir='ltr'>ab</span> <span class='ocrx_word' id='word_1_226' title='bbox 1429 2847 1436 2861; x_wconf 91' lang='grc'>·</span> 
     </span>
     <span class='ocr_line' id='line_1_25' title="bbox 121 2929 1344 3015; baseline 0.001 -23"><span class='ocrx_word' id='word_1_227' title='bbox 121 2930 258 2992; x_wconf 90' lang='lat' dir='ltr'>humana</span> <span class='ocrx_word' id='word_1_228' title='bbox 288 2930 528 2990; x_wconf 85' lang='lat' dir='ltr'>conuersatione</span> <span class='ocrx_word' id='word_1_229' title='bbox 559 2929 700 2992; x_wconf 79' lang='lat' dir='ltr'>dimissis,</span> <span class='ocrx_word' id='word_1_230' title='bbox 747 2930 910 2991; x_wconf 91' lang='lat' dir='ltr'>minimum</span> <span class='ocrx_word' id='word_1_231' title='bbox 942 2931 1024 2991; x_wconf 92' lang='lat' dir='ltr'>enim</span> <span class='ocrx_word' id='word_1_232' title='bbox 1055 2931 1148 2992; x_wconf 88' lang='lat' dir='ltr'>faecis</span> <span class='ocrx_word' id='word_1_233' title='bbox 1174 2931 1344 3015; x_wconf 75' lang='lat' dir='ltr'>[ponderis]</span> 
     </span>
    </p>

    <p class='ocr_par' dir='ltr' id='par_1_9' title="bbox 30 3036 1385 3225">
     <span class='ocr_line' id='line_1_26' title="bbox 30 3036 1385 3120; baseline -0.001 -21"><span class='ocrx_word' id='word_1_234' title='bbox 30 3046 34 3051; x_wconf 81' lang='grc'><strong>’</strong></span> <span class='ocrx_word' id='word_1_235' title='bbox 121 3044 295 3100; x_wconf 82' lang='lat' dir='ltr'>traxerunt.</span> <span class='ocrx_word' id='word_1_236' title='bbox 340 3045 509 3116; x_wconf 91' lang='lat' dir='ltr'>antequam</span> <span class='ocrx_word' id='word_1_237' title='bbox 541 3036 789 3098; x_wconf 90' lang='lat' dir='ltr'>obdurescerent</span> <span class='ocrx_word' id='word_1_238' title='bbox 821 3046 852 3098; x_wconf 93' lang='lat' dir='ltr'>et</span> <span class='ocrx_word' id='word_1_239' title='bbox 876 3036 965 3098; x_wconf 90' lang='lat' dir='ltr'>altius</span> <span class='ocrx_word' id='word_1_240' title='bbox 989 3047 1111 3098; x_wconf 88' lang='lat' dir='ltr'>terrena</span> <span class='ocrx_word' id='word_1_241' title='bbox 1129 3039 1385 3120; x_wconf 66' lang='lat' dir='ltr'>conciperentur</span> 
     </span>
     <span class='ocr_line' id='line_1_27' title="bbox 121 3141 1346 3225; baseline 0.001 -18"><span class='ocrx_word' id='word_1_242' title='bbox 121 3143 248 3218; x_wconf 90' lang='lat' dir='ltr'>liberati,</span> <span class='ocrx_word' id='word_1_243' title='bbox 272 3141 405 3203; x_wconf 91' lang='lat' dir='ltr'>leuiores</span> <span class='ocrx_word' id='word_1_244' title='bbox 429 3143 469 3203; x_wconf 90' lang='lat' dir='ltr'>ad</span> <span class='ocrx_word' id='word_1_245' title='bbox 493 3143 646 3222; x_wconf 86' lang='lat' dir='ltr'>originem</span> <span class='ocrx_word' id='word_1_246' title='bbox 670 3163 760 3204; x_wconf 91' lang='lat' dir='ltr'>suam</span> <span class='ocrx_word' id='word_1_247' title='bbox 784 3143 927 3205; x_wconf 86' lang='lat' dir='ltr'>reuolant</span> <span class='ocrx_word' id='word_1_248' title='bbox 949 3153 980 3204; x_wconf 90' lang='lat' dir='ltr'>et</span> <span class='ocrx_word' id='word_1_249' title='bbox 997 3143 1112 3205; x_wconf 84' lang='lat' dir='ltr'>facilius</span> <span class='ocrx_word' id='word_1_250' title='bbox 1128 3145 1281 3225; x_wconf 92' lang='lat' dir='ltr'>quidquid</span> <span class='ocrx_word' id='word_1_251' title='bbox 1297 3156 1346 3208; x_wconf 91' lang='lat' dir='ltr'>est</span> 
     </span>
    </p>
   </div>
   <div class='ocr_carea' id='block_1_4' title="bbox 122 3351 1344 3601">
    <p class='ocr_par' dir='ltr' id='par_1_10' title="bbox 122 3351 1344 3601">
     <span class='ocr_line' id='line_1_28' title="bbox 123 3351 1344 3421; baseline 0 -15"><span class='ocrx_word' id='word_1_252' title='bbox 123 3356 134 3406; x_wconf 78' lang='lat' dir='ltr'>‘l</span> <span class='ocrx_word' id='word_1_253' title='bbox 153 3356 257 3405; x_wconf 84' lang='lat' dir='ltr'>haberet</span> <span class='ocrx_word' id='word_1_254' title='bbox 280 3351 447 3407; x_wconf 72' lang='lat' dir='ltr'>deteriores:</span> <span class='ocrx_word' id='word_1_255' title='bbox 474 3355 566 3403; x_wconf 87' lang='lat' dir='ltr'>habere</span> <span class='ocrx_word' id='word_1_256' title='bbox 673 3356 689 3406; x_wconf 78' lang='lat'>‘2</span> <span class='ocrx_word' id='word_1_257' title='bbox 709 3361 732 3404; x_wconf 91' lang='lat' dir='ltr'>et</span> <span class='ocrx_word' id='word_1_258' title='bbox 752 3356 800 3403; x_wconf 90' lang='lat' dir='ltr'>lam</span> <span class='ocrx_word' id='word_1_259' title='bbox 826 3355 918 3405; x_wconf 87' lang='lat' dir='ltr'>laniare</span> <span class='ocrx_word' id='word_1_260' title='bbox 942 3356 1140 3420; x_wconf 78' lang='lat' dir='ltr'>Intemperantius</span> <span class='ocrx_word' id='word_1_261' title='bbox 1159 3353 1235 3409; x_wconf 74' lang='lat' dir='ltr'>Koch</span> <span class='ocrx_word' id='word_1_262' title='bbox 1260 3359 1344 3421; x_wconf 82' lang='lat' dir='ltr'>(etiam</span> 
     </span>
     <span class='ocr_line' id='line_1_29' title="bbox 122 3439 1344 3512; baseline 0.006 -20"><span class='ocrx_word' id='word_1_263' title='bbox 122 3446 144 3492; x_wconf 93' lang='lat' dir='ltr'>in</span> <span class='ocrx_word' id='word_1_264' title='bbox 161 3444 204 3493; x_wconf 93' lang='lat' dir='ltr'>illo</span> <span class='ocrx_word' id='word_1_265' title='bbox 223 3444 329 3508; x_wconf 90' lang='lat' dir='ltr'>imperio</span> <span class='ocrx_word' id='word_1_266' title='bbox 349 3443 424 3493; x_wconf 86' lang='lat' dir='ltr'>altum</span> <span class='ocrx_word' id='word_1_267' title='bbox 443 3439 586 3512; x_wconf 54' lang='lat' dir='ltr'>Mothrim:</span> <span class='ocrx_word' id='word_1_268' title='bbox 611 3444 685 3493; x_wconf 86' lang='lat' dir='ltr'>etiarn</span> <span class='ocrx_word' id='word_1_269' title='bbox 706 3444 773 3493; x_wconf 92' lang='lat' dir='ltr'>illum</span> <span class='ocrx_word' id='word_1_270' title='bbox 798 3445 953 3508; x_wconf 88' lang='lat' dir='ltr'>imperiatum</span> <span class='ocrx_word' id='word_1_271' title='bbox 1000 3450 1007 3465; x_wconf 61' lang='lat'>²</span> <span class='ocrx_word' id='word_1_272' title='bbox 1057 3443 1072 3496; x_wconf 89' lang='lat'><strong>3</strong></span> <span class='ocrx_word' id='word_1_273' title='bbox 1092 3445 1112 3493; x_wconf 87' lang='lat' dir='ltr'>si</span> <span class='ocrx_word' id='word_1_274' title='bbox 1131 3446 1223 3494; x_wconf 89' lang='lat' dir='ltr'>uiueret</span> <span class='ocrx_word' id='word_1_275' title='bbox 1242 3450 1261 3512; x_wconf 83' lang='lat' dir='ltr'>(t</span> <span class='ocrx_word' id='word_1_276' title='bbox 1280 3443 1344 3511; x_wconf 80' lang='lat' dir='ltr'>del.)</span> 
     </span>
     <span class='ocr_line' id='line_1_30' title="bbox 212 3529 1344 3601; baseline 0.003 -20"><span class='ocrx_word' id='word_1_277' title='bbox 212 3533 232 3581; x_wconf 91' lang='lat' dir='ltr'>si</span> <span class='ocrx_word' id='word_1_278' title='bbox 251 3533 316 3581; x_wconf 86' lang='lat' dir='ltr'>mori</span> <span class='ocrx_word' id='word_1_279' title='bbox 336 3529 500 3584; x_wconf 79' lang='lat' dir='ltr'>deteriores:</span> <span class='ocrx_word' id='word_1_280' title='bbox 521 3533 639 3581; x_wconf 84' lang='lat' dir='ltr'>simone</span> <span class='ocrx_word' id='word_1_281' title='bbox 741 3531 757 3582; x_wconf 75' lang='grc' dir='ltr'><strong>ὃ</strong></span> <span class='ocrx_word' id='word_1_282' title='bbox 777 3541 799 3581; x_wconf 84' lang='lat' dir='ltr'>et</span> <span class='ocrx_word' id='word_1_283' title='bbox 818 3529 929 3585; x_wconf 77' lang='lat' dir='ltr'>induxit</span> <span class='ocrx_word' id='word_1_284' title='bbox 949 3531 1103 3601; x_wconf 60' lang='lat' dir='ltr'>Heusinger</span> <span class='ocrx_word' id='word_1_285' title='bbox 1203 3533 1218 3586; x_wconf 88' lang='grc'><strong>6</strong></span> <span class='ocrx_word' id='word_1_286' title='bbox 1238 3535 1344 3584; x_wconf 85' lang='lat' dir='ltr'>dimissis</span> 
     </span>
    </p>
   </div>
   <div class='ocr_carea' id='block_1_5' title="bbox 123 3619 1344 3690">
    <p class='ocr_par' dir='ltr' id='par_1_11' title="bbox 123 3619 1344 3690">
     <span class='ocr_line' id='line_1_31' title="bbox 123 3619 1344 3690; baseline 0.001 -19"><span class='ocrx_word' id='word_1_287' title='bbox 123 3619 283 3674; x_wconf 57' lang='lat' dir='ltr'>deteriores:</span> <span class='ocrx_word' id='word_1_288' title='bbox 304 3621 387 3669; x_wconf 91' lang='lat' dir='ltr'>dimisi</span> <span class='ocrx_word' id='word_1_289' title='bbox 484 3619 499 3672; x_wconf 75' lang='grc'>7</span> <span class='ocrx_word' id='word_1_290' title='bbox 519 3622 620 3670; x_wconf 68' lang='lat' dir='ltr'>edisse*</span> <span class='ocrx_word' id='word_1_291' title='bbox 711 3622 814 3684; x_wconf 88' lang='lat' dir='ltr'>proiecit</span> <span class='ocrx_word' id='word_1_292' title='bbox 834 3638 848 3669; x_wconf 91' lang='lat' dir='ltr'>a</span> <span class='ocrx_word' id='word_1_293' title='bbox 867 3637 945 3670; x_wconf 89' lang='lat' dir='ltr'>coena</span> <span class='ocrx_word' id='word_1_294' title='bbox 964 3619 1026 3672; x_wconf 78' lang='lat' dir='ltr'>olim</span> <span class='ocrx_word' id='word_1_295' title='bbox 1046 3629 1213 3675; x_wconf 77' lang='lat' dir='ltr'>correctum:</span> <span class='ocrx_word' id='word_1_296' title='bbox 1234 3625 1344 3690; x_wconf 77' lang='lat' dir='ltr'>proiecta</span> 
     </span>
    </p>
   </div>
   <div class='ocr_carea' id='block_1_6' title="bbox 121 3714 1344 3830">
    <p class='ocr_par' dir='ltr' id='par_1_12' title="bbox 121 3714 1344 3830">
     <span class='ocr_line' id='line_1_32' title="bbox 121 3714 1344 3830; baseline 0.002 -19"><span class='ocrx_word' id='word_1_297' title='bbox 121 3760 204 3812; x_wconf 58' lang='lat' dir='ltr'>aeena‘</span> <span class='ocrx_word' id='word_1_298' title='bbox 287 3761 464 3827; x_wconf 81' lang='lat' dir='ltr'>9complexus</span> <span class='ocrx_word' id='word_1_299' title='bbox 560 3761 591 3813; x_wconf 94' lang='grc'>11</span> <span class='ocrx_word' id='word_1_300' title='bbox 611 3714 687 3811; x_wconf 72' lang='lat' dir='ltr'>elilim</span> <span class='ocrx_word' id='word_1_301' title='bbox 778 3763 827 3811; x_wconf 84' lang='lat' dir='ltr'>fere</span> <span class='ocrx_word' id='word_1_302' title='bbox 846 3760 1011 3816; x_wconf 76' lang='lat' dir='ltr'>deteriores:</span> <span class='ocrx_word' id='word_1_303' title='bbox 1033 3764 1095 3812; x_wconf 86' lang='lat' dir='ltr'>serre</span> <span class='ocrx_word' id='word_1_304' title='bbox 1192 3765 1223 3818; x_wconf 82' lang='lat'>13</span> <span class='ocrx_word' id='word_1_305' title='bbox 1243 3767 1344 3830; x_wconf 91' lang='lat' dir='ltr'>cognito</span> 
     </span>
    </p>
   </div>
   <div class='ocr_carea' id='block_1_7' title="bbox 121 3848 1344 4193">
    <p class='ocr_par' dir='ltr' id='par_1_13' title="bbox 121 3848 1344 4193">
     <span class='ocr_line' id='line_1_33' title="bbox 121 3848 1344 3922; baseline 0 -20"><span class='ocrx_word' id='word_1_306' title='bbox 121 3848 284 3904; x_wconf 72' lang='lat' dir='ltr'>deteriores:</span> <span class='ocrx_word' id='word_1_307' title='bbox 305 3853 390 3915; x_wconf 89' lang='lat' dir='ltr'>cogito</span> <span class='ocrx_word' id='word_1_308' title='bbox 476 3851 507 3902; x_wconf 83' lang='grc'>14</span> <span class='ocrx_word' id='word_1_309' title='bbox 528 3857 626 3901; x_wconf 87' lang='lat' dir='ltr'>auctore</span> <span class='ocrx_word' id='word_1_310' title='bbox 640 3852 730 3901; x_wconf 90' lang='lat' dir='ltr'>Seiano</span> <span class='ocrx_word' id='word_1_311' title='bbox 743 3848 803 3904; x_wconf 82' lang='lat' dir='ltr'>cod.</span> <span class='ocrx_word' id='word_1_312' title='bbox 818 3851 910 3900; x_wconf 89' lang='lat' dir='ltr'>Seiano</span> <span class='ocrx_word' id='word_1_313' title='bbox 923 3857 1023 3902; x_wconf 88' lang='lat' dir='ltr'>auctore</span> <span class='ocrx_word' id='word_1_314' title='bbox 1036 3851 1117 3922; x_wconf 74' lang='lat' dir='ltr'>uulqo</span> <span class='ocrx_word' id='word_1_315' title='bbox 1203 3853 1235 3905; x_wconf 77' lang='lat'>15</span> <span class='ocrx_word' id='word_1_316' title='bbox 1256 3855 1344 3904; x_wconf 89' lang='lat' dir='ltr'>adeunt</span> 
     </span>
     <span class='ocr_line' id='line_1_34' title="bbox 122 3938 1343 4012; baseline -0.001 -21"><span class='ocrx_word' id='word_1_317' title='bbox 122 3938 283 3994; x_wconf 61' lang='lat' dir='ltr'>detentores:</span> <span class='ocrx_word' id='word_1_318' title='bbox 310 3941 400 3989; x_wconf 87' lang='lat' dir='ltr'>adeum</span> <span class='ocrx_word' id='word_1_319' title='bbox 499 3945 524 3988; x_wconf 91' lang='lat' dir='ltr'>ut</span> <span class='ocrx_word' id='word_1_320' title='bbox 543 3940 724 4004; x_wconf 84' lang='lat' dir='ltr'>interpellarent</span> <span class='ocrx_word' id='word_1_321' title='bbox 743 3941 810 4004; x_wconf 93' lang='lat' dir='ltr'>quod</span> <span class='ocrx_word' id='word_1_322' title='bbox 829 3946 961 4004; x_wconf 87' lang='lat' dir='ltr'>coegerant</span> <span class='ocrx_word' id='word_1_323' title='bbox 980 3947 1051 3990; x_wconf 89' lang='lat' dir='ltr'>orant</span> <span class='ocrx_word' id='word_1_324' title='bbox 1071 3939 1200 4012; x_wconf 60' lang='lat' dir='ltr'>Madvig:</span> <span class='ocrx_word' id='word_1_325' title='bbox 1227 3949 1252 3991; x_wconf 90' lang='lat' dir='ltr'>ut</span> <span class='ocrx_word' id='word_1_326' title='bbox 1270 3944 1343 3991; x_wconf 89' lang='lat' dir='ltr'>inter-</span> 
     </span>
     <span class='ocr_line' id='line_1_35' title="bbox 121 4027 1342 4100; baseline -0.001 -21"><span class='ocrx_word' id='word_1_327' title='bbox 121 4030 182 4092; x_wconf 87' lang='lat' dir='ltr'>pella</span> <span class='ocrx_word' id='word_1_328' title='bbox 200 4031 268 4094; x_wconf 92' lang='lat' dir='ltr'>quod</span> <span class='ocrx_word' id='word_1_329' title='bbox 288 4037 421 4094; x_wconf 84' lang='lat' dir='ltr'>coegerant</span> <span class='ocrx_word' id='word_1_330' title='bbox 529 4028 556 4080; x_wconf 81' lang='lat'>17</span> <span class='ocrx_word' id='word_1_331' title='bbox 581 4046 612 4077; x_wconf 85' lang='lat' dir='ltr'>an</span> <span class='ocrx_word' id='word_1_332' title='bbox 632 4031 716 4078; x_wconf 81' lang='lat' dir='ltr'>mortIs</span> <span class='ocrx_word' id='word_1_333' title='bbox 735 4030 771 4078; x_wconf 89' lang='lat' dir='ltr'>ius</span> <span class='ocrx_word' id='word_1_334' title='bbox 789 4029 825 4077; x_wconf 90' lang='lat' dir='ltr'>rei</span> <span class='ocrx_word' id='word_1_335' title='bbox 845 4029 972 4093; x_wconf 88' lang='lat' dir='ltr'>perderent</span> <span class='ocrx_word' id='word_1_336' title='bbox 996 4027 1127 4100; x_wconf 72' lang='lat' dir='ltr'>Madufq:</span> <span class='ocrx_word' id='word_1_337' title='bbox 1155 4048 1185 4079; x_wconf 91' lang='lat' dir='ltr'>an</span> <span class='ocrx_word' id='word_1_338' title='bbox 1204 4031 1289 4079; x_wconf 90' lang='lat' dir='ltr'>mortis</span> <span class='ocrx_word' id='word_1_339' title='bbox 1308 4032 1342 4079; x_wconf 90' lang='lat' dir='ltr'>rei</span> 
     </span>
     <span class='ocr_line' id='line_1_36' title="bbox 121 4114 1275 4193; baseline -0.001 -26"><span class='ocrx_word' id='word_1_340' title='bbox 121 4119 221 4181; x_wconf 74' lang='lat' dir='ltr'>,oderent</span> <span class='ocrx_word' id='word_1_341' title='bbox 313 4116 345 4170; x_wconf 82' lang='lat'>19</span> <span class='ocrx_word' id='word_1_342' title='bbox 364 4123 471 4182; x_wconf 81' lang='lat' dir='ltr'>quantae</span> <span class='ocrx_word' id='word_1_343' title='bbox 490 4114 654 4171; x_wconf 77' lang='lat' dir='ltr'>deteriores:</span> <span class='ocrx_word' id='word_1_344' title='bbox 675 4124 766 4182; x_wconf 86' lang='lat' dir='ltr'>quanta</span> <span class='ocrx_word' id='word_1_345' title='bbox 857 4116 891 4169; x_wconf 79' lang='lat'>20</span> <span class='ocrx_word' id='word_1_346' title='bbox 913 4119 979 4166; x_wconf 91' lang='lat' dir='ltr'>uices</span> <span class='ocrx_word' id='word_1_347' title='bbox 999 4115 1164 4193; x_wconf 54' lang='lat' dir='ltr'>deteriores:</span> <span class='ocrx_word' id='word_1_348' title='bbox 1192 4120 1253 4168; x_wconf 90' lang='lat' dir='ltr'>uires</span> <span class='ocrx_word' id='word_1_349' title='bbox 1274 4129 1275 4134; x_wconf 76' lang='grc'>’</span> 
     </span>
    </p>
   </div>
   <div class='ocr_carea' id='block_1_8' title="bbox 122 4218 1340 4323">
    <p class='ocr_par' dir='ltr' id='par_1_14' title="bbox 122 4218 1340 4323">
     <span class='ocr_line' id='line_1_37' title="bbox 122 4218 1340 4323; baseline 0.002 -12"><span class='ocrx_word' id='word_1_350' title='bbox 122 4259 151 4313; x_wconf 81' lang='lat'>23</span> <span class='ocrx_word' id='word_1_351' title='bbox 171 4218 249 4310; x_wconf 79' lang='lat' dir='ltr'>certlrs</span> <span class='ocrx_word' id='word_1_352' title='bbox 347 4257 382 4311; x_wconf 81' lang='lat'>24</span> <span class='ocrx_word' id='word_1_353' title='bbox 401 4259 461 4308; x_wconf 81' lang='lat' dir='ltr'>fecis</span> <span class='ocrx_word' id='word_1_354' title='bbox 550 4261 667 4323; x_wconf 89' lang='lat' dir='ltr'>ponderis</span> <span class='ocrx_word' id='word_1_355' title='bbox 685 4256 797 4311; x_wconf 77' lang='lat' dir='ltr'>induxit</span> <span class='ocrx_word' id='word_1_356' title='bbox 814 4257 928 4312; x_wconf 73' lang='lat' dir='ltr'>Fickert</span> <span class='ocrx_word' id='word_1_357' title='bbox 1023 4260 1055 4312; x_wconf 77' lang='lat'>25</span> <span class='ocrx_word' id='word_1_358' title='bbox 1075 4231 1262 4310; x_wconf 79' lang='lat' dir='ltr'>obdurescerent</span> <span class='ocrx_word' id='word_1_359' title='bbox 1281 4259 1340 4313; x_wconf 82' lang='lat' dir='ltr'>cod.</span> 
     </span>
    </p>
   </div>
   <div class='ocr_carea' id='block_1_9' title="bbox 39 4339 1340 4505">
    <p class='ocr_par' dir='ltr' id='par_1_15' title="bbox 39 4339 1340 4505">
     <span class='ocr_line' id='line_1_38' title="bbox 39 4339 1340 4416; baseline 0.003 -20"><span class='ocrx_word' id='word_1_360' title='bbox 39 4342 43 4352; x_wconf 78' lang='grc'><strong>’</strong></span> <span class='ocrx_word' id='word_1_361' title='bbox 123 4349 266 4407; x_wconf 72' lang='lat' dir='ltr'>obducerent</span> <span class='ocrx_word' id='word_1_362' title='bbox 296 4345 395 4416; x_wconf 64' lang='lat' dir='ltr'>uulgo,</span> <span class='ocrx_word' id='word_1_363' title='bbox 425 4345 502 4415; x_wconf 82' lang='lat' dir='ltr'>quod</span> <span class='ocrx_word' id='word_1_364' title='bbox 533 4344 646 4415; x_wconf 71' lang='lat' dir='ltr'>Maduiq</span> <span class='ocrx_word' id='word_1_365' title='bbox 679 4363 739 4400; x_wconf 82' lang='lat' dir='ltr'>cum</span> <span class='ocrx_word' id='word_1_366' title='bbox 766 4345 883 4400; x_wconf 79' lang='lat' dir='ltr'>Erasmo</span> <span class='ocrx_word' id='word_1_367' title='bbox 915 4339 955 4399; x_wconf 49' lang='lat' dir='ltr'>in&#39;</span> <span class='ocrx_word' id='word_1_368' title='bbox 972 4349 1152 4398; x_wconf 86' lang='lat' dir='ltr'>obducerentur</span> <span class='ocrx_word' id='word_1_369' title='bbox 1182 4347 1340 4402; x_wconf 64' lang='lat' dir='ltr'>mainardum</span> 
     </span>
     <span class='ocr_line' id='line_1_39' title="bbox 123 4425 1083 4505; baseline 0.002 -20"><span class='ocrx_word' id='word_1_370' title='bbox 123 4449 175 4490; x_wconf 79' lang='lat' dir='ltr'>erse</span> <span class='ocrx_word' id='word_1_371' title='bbox 192 4433 327 4499; x_wconf 74' lang='lat' dir='ltr'>censebat,</span> <span class='ocrx_word' id='word_1_372' title='bbox 348 4425 430 4489; x_wconf 79' lang='lat' dir='ltr'>Gerta</span> <span class='ocrx_word' id='word_1_373' title='bbox 443 4451 474 4504; x_wconf 84' lang='lat' dir='ltr'>p.</span> <span class='ocrx_word' id='word_1_374' title='bbox 496 4438 524 4487; x_wconf 88' lang='grc'>31</span> <span class='ocrx_word' id='word_1_375' title='bbox 547 4433 666 4503; x_wconf 81' lang='lat' dir='ltr'>quodam</span> <span class='ocrx_word' id='word_1_376' title='bbox 686 4434 830 4505; x_wconf 74' lang='lat' dir='ltr'>hyperbati</span> <span class='ocrx_word' id='word_1_377' title='bbox 844 4451 945 4504; x_wconf 68' lang='lat' dir='ltr'>ponere</span> <span class='ocrx_word' id='word_1_378' title='bbox 964 4439 1083 4488; x_wconf 81' lang='lat' dir='ltr'>excusat</span> 
     </span>
    </p>
   </div>
   <div class='ocr_carea' id='block_1_10' title="bbox 0 0 1528 5092">
    <p class='ocr_par' dir='ltr' id='par_1_16' title="bbox 0 0 1528 5092">
     <span class='ocr_line' id='line_1_40' title="bbox 0 0 1528 5092; baseline 0 0"><span class='ocrx_word' id='word_1_379' title='bbox 0 0 1528 5092; x_wconf 95' lang='lat' dir='ltr'> </span> 
     </span>
    </p>
   </div>
  </div>
 </body>
</html>
