3046 5092
430 308 509 353 uini.
524 306 550 353 v.
580 306 814 354 ammiralii.
842 313 877 355 n.
893 313 927 354 ra.
1099 289 1101 292 ¹
1230 313 1291 377 119

41 457 196 526 accedit.
243 457 326 520 istud
349 465 476 537 tempus
499 458 587 538 quod
611 457 729 519 alienae
754 459 890 520 destinas
915 459 1025 531 morti,
1056 457 1189 520 fortasse
1213 459 1294 520 circa

41 578 155 630 tuarn
178 573 233 625 est.
329 559 332 563 ’
429 562 432 569 “

20 696 29 746 1
155 671 268 732 XLllL
315 669 400 752 Quin
430 673 535 752 potius
566 673 664 734 uitam
696 672 827 733 breuem
859 672 989 752 conligis
1020 672 1240 753 placidamque
1264 681 1297 734 et

45 779 112 844 tibi
147 787 178 840 et
202 780 313 840 ceteris
337 783 499 859 praestas?
524 780 596 859 quin
621 781 726 860 potius
742 778 911 840 amabilem
927 789 969 853 te,
994 780 1070 840 dum
1087 781 1171 855 uiuis,
1196 781 1295 842 omni-

47 889 141 959 buS,
172 885 431 960 desiderabilem,
466 906 538 947 cum
563 887 749 961 excesseris
773 887 900 947 reddis?
932 889 1008 967 quid
1032 886 1116 948 illum
1141 888 1231 948 nimis
1255 907 1323 948 exn

51 994 130 1055 alto
156 1002 261 1053 tecum
285 1001 434 1071 agentem
460 991 627 1054 detrahere
651 994 758 1073 cupis?
787 994 863 1073 quid
886 993 972 1054 illum
997 992 1209 1055 oblatrantem
1234 994 1298 1068 tibi,

55 1098 221 1160 humilem
245 1099 375 1179 quidem
400 1108 433 1161 et
457 1109 685 1180 contemptum,
708 1099 764 1161 sed
788 1100 999 1180 superioribus
1023 1101 1147 1161 acidum
1172 1121 1208 1161 ac
1230 1121 1297 1161 mo·
1387 1123 1396 1144 ·

57 1208 184 1268 lestum
217 1215 362 1267 exterere
394 1206 509 1267 uiribus
538 1208 598 1267 tuis
628 1210 788 1289 temptas?
821 1208 896 1287 quid
920 1227 1029 1280 seruo,
1058 1209 1135 1288 quid
1160 1208 1299 1268 domino,

59 1313 142 1392 quid
175 1315 258 1392 regi,
289 1314 365 1417 quid
396 1311 499 1374 clienti
523 1323 579 1374 tuo
603 1315 763 1375 irasceris?
794 1315 912 1375 sustine
935 1313 1081 1395 paulum:
1117 1316 1201 1376 uenit
1225 1335 1299 1375 ecce

39 1439 155 1488 ‘amors
178 1439 259 1499 quae
283 1440 341 1480 uos
365 1440 456 1500 pares
480 1419 581 1482 iaciat.
614 1423 720 1482 uidere
741 1421 880 1482 solemus
896 1424 978 1482 inter
994 1424 1147 1482 matutina
1163 1420 1299 1481 harenae
1317 1440 1338 1478 iu

67 1526 247 1605 spectacula
270 1529 349 1588 tauri
374 1536 407 1588 et
431 1530 492 1588 ursi
515 1547 654 1608 pugnam
679 1530 760 1589 inter
782 1548 817 1589 se
841 1529 1090 1608 conligatorum,
1121 1549 1201 1608 qvos
1225 1549 1298 1590 cum

71 1631 149 1692 alter
177 1632 310 1694 alterum
343 1637 487 1707 uexauit,
527 1655 599 1695 suus
631 1634 794 1695 confector
831 1645 1001 1714 expectat:
1043 1637 1128 1697 idem
1160 1634 1299 1708 iacimus

75 1739 202 1819 aliquem
228 1739 394 1801 nobiscum
418 1739 593 1820 adligatum
617 1742 806 1816 lacessimus
831 1761 902 1802 cum
926 1745 1011 1804 uicto
1036 1745 1210 1821 uictorique
1230 1741 1298 1801 finis

79 1855 106 1906 ct
135 1847 258 1926 quidem
292 1857 432 1908 maturus
454 1848 613 1909 inmineat.
661 1849 757 1927 quieti
780 1851 885 1928 potius
909 1851 1075 1929 pacatique
1098 1846 1296 1929 quantulum-

83 1973 204 2034 cumque
226 1963 379 2034 superest,
403 1957 578 2035 exigamus.
610 1954 683 2015 nulli
707 1955 843 2016 cadauer
866 1964 1008 2025 nostrum
1033 1934 1134 2017 iaceat
1155 1955 1288 2016 inuisum
1316 1975 1338 2010 ιε,

63 2074 73 2120 a
86 2077 167 2139 saepe
188 2063 290 2121 rixam
315 2060 549 2122 conclamatum
573 2064 604 2122 in
628 2062 731 2122 uicino
751 2063 931 2123 incendium
947 2061 1041 2124 soluit
1059 2071 1089 2124 et
1106 2065 1298 2122 interuentus

89 2163 156 2227 lerae
190 2165 347 2228 latronem
386 2170 604 2248 uiatoremque
643 2167 769 2229 diducit.
820 2167 991 2230 conluctari
1022 2189 1095 2229 cum
1126 2167 1299 2228 minoribus

91 2271 161 2333 malis
181 2294 245 2334 non
270 2282 370 2347 uacat,
395 2275 447 2334 ubi
471 2285 574 2335 metus
599 2276 699 2335 maior
723 2277 882 2355 apparuit:
909 2277 985 2356 quid
1010 2275 1101 2337 nobis
1118 2295 1190 2335 cuin
1208 2275 1297 2335 dimi-

92 2380 194 2441 catione
215 2390 248 2441 et
272 2382 411 2446 insidiisi
436 2381 588 2460 numquid
605 2379 737 2461 amplius
753 2383 803 2442 isti
820 2384 868 2442 cui
885 2385 1024 2443 irasceris
1048 2401 1144 2462 quam
1161 2389 1299 2441 mortem

95 2491 185 2562 optas?
216 2489 310 2549 etiam
342 2496 374 2548 te
403 2489 584 2567 quiescente
609 2488 766 2549 morietur.
813 2489 919 2569 perdis
943 2509 1093 2568 operam:
1127 2487 1229 2548 iacere
1255 2487 1299 2547 uis
1314 2505 1339 2543 20

70 2593 162 2666 lquod
182 2593 319 2656 futurum
352 2600 408 2654 est.
454 2593 543 2666 nol0‚
576 2595 690 2675 inquis,
721 2596 829 2674 utique
853 2596 1010 2668 occidere,
1035 2597 1091 2655 sed
1116 2592 1219 2667 exili0,
1244 2594 1300 2666 sul

95 2694 258 2775 ignominia,
297 2701 355 2761 sed
386 2701 512 2761 damno
545 2698 689 2762 adficere.
735 2704 837 2780 magis
868 2703 1000 2781 ignosco
1030 2703 1073 2774 ei,
1105 2702 1158 2781 qui
1190 2699 1301 2761 uolnus

95 2798 183 2866 inimici
205 2827 302 2886 quam
326 2807 379 2886 qui
401 2805 544 2886 pusulam
569 2809 780 2887 concupiscit:
812 2806 862 2868 hic
885 2809 967 2868 enim
992 2828 1057 2867 non
1080 2816 1203 2868 tantum
1228 2805 1302 2867 mali

95 2909 168 2973 animi
196 2923 259 2988 est,
291 2915 349 2975 sed
380 2913 490 2993 pusilli.
536 2916 601 2975 siue
632 2914 672 2974 de
705 2912 821 2975 ultimis
845 2914 1001 2996 suppliciis
1025 2917 1147 2993 cogitas
1171 2916 1236 2975 siue
1260 2914 1301 2975 de

95 3010 258 3097 leuioribus:
293 3020 477 3111 quantulum
509 3031 557 3081 est
588 3022 758 3104 temporiS,
790 3042 853 3102 quo
878 3031 931 3082 aut
954 3020 1005 3081 ille
1028 3041 1133 3102 poena
1155 3041 1212 3082 sua
1234 3030 1299 3081 tor.
1315 3037 1341 3076 ra

95 3134 202 3197 queatur
232 3137 287 3188 aut
317 3137 351 3188 tu
382 3127 500 3188 malum
531 3127 681 3207 gaudium
714 3148 755 3187 ex
784 3128 884 3189 aliena
906 3128 1080 3208 percipias?
1119 3129 1181 3190 iam
1205 3129 1299 3188 istum

70 3228 212 3304 sspiritum
244 3254 429 3313 expuemus
476 3234 614 3309 interim,
647 3234 723 3295 dum
752 3234 922 3308 trahimus,
953 3237 1030 3295 dum
1054 3235 1133 3296 inter
1157 3234 1301 3296 homines
1335 3294 1339 3301 ,

96 3350 194 3415 sumus,
224 3340 366 3402 colamus
390 3340 638 3416 humanitatem,
669 3362 732 3402 non
757 3343 861 3402 timori
886 3342 1048 3422 cuiquam,
1073 3362 1138 3403 non
1161 3341 1300 3423 periculo

96 3437 177 3522 Simus.
214 3449 412 3521 detrimenta,
436 3448 569 3527 iniurias
594 3449 741 3521 conuicia,
767 3448 980 3510 uellicationes
1004 3458 1245 3510 contemnamus
1270 3458 1302 3509 et

10 3602 12 3609 .
97 3562 191 3628 magno
213 3555 320 3615 animo
343 3554 451 3616 breuia
474 3554 610 3616 ieramus
634 3556 847 3617 incommoda.
895 3558 971 3616 dum
996 3558 1189 3635 respicimus,
1212 3556 1300 3635 quod
1316 3571 1341 3609 30

96 3649 169 3737 aiunt,
190 3681 415 3742 uersamusque
438 3681 506 3736 nos,
530 3662 593 3723 iam
619 3661 793 3723 mortalitas
817 3665 926 3724 aderit.

101 3770 285 3793 &m-

99 3837 175 3901 'l'lslud
192 3855 217 3921 (d
235 3853 273 3908 θέε
293 3862 301 3904 t
320 3856 404 3920 corr.)
495 3855 638 3909 &exterere
657 3853 798 3909 Muretus:
820 3875 848 3906 ex
868 3867 957 3907 terrere
1060 3856 1094 3908 10
1112 3858 1301 3921 harenespecta·
1373 3857 1378 3866 ‘

99 3985 141 4035 cula
156 3991 177 4057 (9
193 3996 217 4049 iu
236 3998 304 4064 ras.)
397 3998 430 4049 12
450 4001 545 4048 uexauit
566 3995 663 4052 Gertz:
684 4001 777 4048 uexarit
862 3999 894 4051 13
915 3943 1028 4064 adligatsi
1127 3998 1155 4051 lii
1175 4000 1199 4046 in
1218 3999 1298 4047 uicino

100 4065 224 4139 deleuores
241 4085 367 4140 nonnulli
373 4106 379 4137 ε
401 4088 518 4137 inuicinio
603 4087 637 4140 20
651 4104 754 4152 operam
767 4085 858 4140 Koch:
880 4105 969 4153 operas
983 4086 1042 4141 cod.
1056 4086 1106 4141 sed
1118 4085 1189 4140 illuri
1200 4087 1297 4140 suadet

100 4169 238 4229 coiuuetudo
254 4173 375 4230 Senecae
454 4175 487 4228 23
506 4177 598 4241 pusula
612 4173 747 4242 (lineolam
767 4190 852 4245 nequo
865 4193 879 4225 n
892 4193 926 4229 m.
940 4175 986 4229 ult.
1003 4176 1107 4244 posuit)
1181 4176 1214 4229 213
1233 4180 1335 4241 pena

154 4255 183 4311 27
199 4281 326 4330 expuemus
341 4262 439 4318 Gertz:
461 4267 593 4329 expuimus.
623 4263 646 4317 V
646 4264 710 4334 luipo
723 4264 966 4333 iuterpunqebutur
978 4267 1102 4328 expuimus
1120 4266 1225 4327 interim,
1239 4267 1297 4314 dum

102 4337 201 4403 habimus,
223 4356 304 4411 Dum;
326 4353 452 4407 correxit
472 4352 554 4406 Gertz
657 4354 687 4404 :lt
715 4356 765 4403 iam
784 4355 920 4403 mortalitas
940 4353 1105 4406 Pincianus:
1127 4355 1296 4408 inmortalitas
