3046 5092
240 313 302 375 162
478 308 558 353 DIAL.
568 307 617 350 Vll.
641 307 683 348 AD
698 307 875 349 GALLIONEM
889 308 930 348 DE
944 306 1015 348 VITA
1024 300 1135 350 ἙΕΑΤΑ.
1164 308 1184 351 8.
1199 309 1219 350 9.

237 455 262 517 si
286 474 349 516 non
372 452 557 516 subierimus
581 474 690 516 eorum
714 455 896 540 seruitutem
920 474 979 515 nec
1002 473 1061 515 nos
1083 451 1182 514 aliena
1204 453 1419 534 possederint,
1442 453 1493 514 si·

237 561 362 643 corpori
392 571 483 642 grata
514 569 545 622 et
576 562 752 623 aduenticia
782 581 821 622 eo
853 560 946 623 nobis
977 559 1049 621 loco
1080 558 1208 635 fuerint,
1239 581 1303 641 quo
1335 568 1410 622 sunt
1437 560 1468 620 in

237 669 345 730 castris
368 666 482 729 auxilia
506 676 538 729 et
561 678 738 730 armaturae
760 667 865 730 leues:
893 668 1029 728 seruiant
1051 668 1118 742 ista,
1142 687 1207 729 non
1230 667 1401 747 imperent,
1424 667 1468 728 ita

236 777 365 836 demum
390 773 475 836 utilia
497 784 570 836 sunt
593 775 697 836 menti.
736 775 934 856 incorruptus
956 775 1003 835 uir
1025 775 1065 836 sit
1088 774 1226 836 extemis
1249 781 1282 834 et
1304 775 1465 854 insupera-
1484 785 1500 838 3

210 881 305 943 sbilis
341 883 537 961 'miratorque
575 889 697 943 tantum
738 881 800 956 sui,
838 880 940 943 fidens
973 881 1079 942 animo
1110 890 1206 962 atque
1236 880 1266 943 in
1297 889 1468 961 utrumque

236 995 363 1069 paratus
391 987 504 1049 artifex
535 987 624 1049 uitae.
670 987 785 1049 fiducia
815 989 879 1050 eius
911 1009 975 1049 non
1006 989 1072 1050 sine
1099 987 1227 1049 scientia
1249 988 1304 1062 sit,
1337 987 1468 1049 scientia

236 1115 301 1156 non
324 1095 390 1156 sine
413 1094 608 1156 constantia:
636 1103 784 1156 maneant
808 1093 848 1155 illi
870 1092 969 1155 semel
992 1093 1106 1174 placita
1129 1114 1188 1156 nec
1208 1093 1270 1155 ulla
1284 1095 1316 1155 in
1331 1080 1467 1157 decretis

236 1201 301 1262 eius
323 1200 414 1262 litura
436 1201 483 1263 sit.
529 1198 725 1281 intellegitur,
749 1201 872 1262 etiamsi
894 1220 959 1263 non
982 1201 1137 1276 adiecero,
1155 1201 1363 1282 'conpositum
1381 1201 1464 1262 ordi-

236 1317 407 1388 natumque
436 1294 504 1368 lore
535 1308 631 1369 talem
662 1308 763 1369 uirum
794 1317 826 1370 et
856 1309 887 1369 in
918 1308 952 1369 iis
983 1328 1064 1389 quae
1094 1315 1169 1389 aget
1207 1327 1278 1370 cum
1310 1297 1464 1372 eomitate
1499 1335 1514 1363 0

198 1433 221 1472 ιο
236 1413 447 1495 magnificum.
492 1423 622 1493 quaerat
654 1416 733 1476 ratio
765 1434 840 1476 uera
869 1414 1011 1476 sensibus
1038 1415 1162 1477 inritata
1187 1424 1219 1476 et
1241 1414 1369 1496 capiens
1392 1413 1501 1482 iudea

235 1521 404 1602 principia:
431 1540 489 1581 nec
512 1521 595 1582 enim
618 1518 717 1582 habet
740 1508 832 1595 aliud,
856 1523 941 1583 unde
965 1529 1096 1584 conetur
1120 1530 1174 1583 aut
1197 1521 1281 1582 unde
1297 1521 1339 1582 ad
1355 1540 1467 1583 uerum

234 1629 376 1708 inpetum
408 1627 530 1707 capiat:
564 1629 594 1688 in
625 1647 660 1689 se
690 1636 872 1690 reuertatur.
918 1649 993 1690 nam
1025 1630 1162 1690 mundus
1193 1648 1321 1710 quoque
1352 1635 1468 1691 cuncta

235 1733 438 1816 conplectens
462 1742 628 1815 rectorque
651 1735 783 1797 uniuersi
807 1735 884 1798 deus
908 1737 937 1796 in
955 1736 1113 1798 exteriora
1128 1736 1256 1817 quidem
1272 1736 1385 1811 tendit,
1409 1736 1466 1797 sed

233 1850 342 1903 tamen
371 1820 402 1902 in
433 1849 536 1902 totum
568 1842 706 1922 undique
736 1842 766 1902 in
797 1862 831 1903 se
859 1843 958 1905 redit:
994 1842 1078 1905 idem
1102 1852 1211 1905 nostra
1234 1827 1327 1904 mens¹
1348 1842 1463 1905 faciat:

197 1967 220 2006 rs
235 1968 307 2010 cum
337 1957 445 2009 secuta
475 1967 584 2009 sensus
614 1968 689 2010 suos
720 1969 776 2030 per
806 1947 876 2010 illos
906 1970 941 2011 se
972 1951 1015 2010 ad
1045 1959 1179 2011 externa
1205 1951 1402 2030 porrexerit,
1434 1959 1466 2011 et

234 2054 358 2116 illorum
383 2063 415 2116 et
437 2055 484 2115 sui
506 2063 621 2134 potens
643 2056 690 2117 sit.
729 2054 792 2118 hoc
815 2058 915 2118 modo
939 2067 1001 2117 'una
1025 2055 1176 2118 efficietur
1198 2056 1244 2118 uis
1266 2076 1305 2118 ac
1320 2065 1464 2139 potestas
1482 2065 1497 2117 5

234 2181 368 2222 concors
390 2160 449 2222 sibi
473 2168 504 2222 et
528 2162 606 2222 ratio
630 2161 680 2223 illa
703 2170 790 2224 certa
813 2171 957 2225 nascetur
980 2183 1044 2224 non
1060 2163 1215 2226 dissidens
1229 2183 1289 2224 nec
1303 2161 1464 2226 haesitans

234 2271 265 2330 in
296 2266 493 2349 opinionibus
524 2264 867 2351 conprensionibusque
897 2290 956 2332 nec
983 2271 1014 2331 in
1037 2271 1253 2350 persuasione,
1284 2291 1464 2351 quaecum

234 2396 269 2437 se
292 2374 447 2454 disposuit
470 2381 502 2436 et
524 2373 664 2455 partibus
688 2377 749 2438 suis
773 2377 931 2439 consensit
955 2385 1001 2451 et,
1025 2386 1059 2439 ut
1082 2377 1125 2438 ita
1149 2377 1268 2452 dicam,
1297 2378 1464 2452 concinuit,

195 2496 220 2537 2⁰
234 2501 394 2544 summum
425 2480 545 2543 bonum
576 2481 688 2562 tetigit.
734 2482 807 2545 nihil
838 2484 921 2546 enim
948 2485 1052 2566 praui,
1083 2483 1158 2546 nihil
1179 2483 1288 2546 lubrici
1311 2491 1465 2566 superest,

234 2589 308 2653 nihil
330 2590 362 2650 in
385 2609 449 2669 quo
472 2588 583 2649 arietet
606 2597 660 2650 aut
684 2588 778 2653 labet.
817 2591 924 2652 omnia
940 2590 1031 2652 saciet
1047 2611 1089 2652 ex
1104 2590 1237 2672 imperio
1252 2611 1310 2653 suo
1326 2589 1464 2672 nihilque
1481 2597 1503 2652 f>

234 2697 427 2779 inopinatum
440 2680 576 2769 accidet,
599 2696 657 2757 sed
678 2697 831 2777 quidquid
854 2706 973 2778 agetur,
997 2698 1028 2759 in
1050 2697 1172 2760 bonum
1196 2697 1296 2759 exibit
1318 2696 1412 2760 facile
1433 2707 1464 2760 et

233 2810 342 2885 parate
374 2811 406 2862 et
437 2802 504 2863 sine
534 2802 793 2882 tergiuersatione
819 2805 950 2884 agentis.
995 2824 1069 2865 nam
1093 2803 1217 2885 pigritia
1240 2812 1271 2865 et
1294 2802 1463 2867 haesitatio

233 2929 373 2992 pugnam
397 2916 430 2969 et
452 2908 693 2973 inconstantiam
717 2911 865 2973 ostendit.
903 2931 1001 2991 quare
1024 2912 1184 2974 audaciter
1199 2903 1271 2973 licet
1286 2909 1464 2992 profitearis

193 3035 394 3081 assummum
425 3018 546 3082 bonum
577 3037 647 3080 esse
678 3018 772 3080 animi
803 3019 1016 3083 concordiam.
1062 3019 1192 3080 uirtutes
1219 3017 1303 3080 enim
1326 3017 1371 3081 ibi
1394 3038 1464 3080 esse

234 3126 404 3202 debebunt,
429 3126 482 3188 ubi
505 3145 676 3188 consensus
700 3131 795 3207 atque
818 3125 919 3187 unitas
943 3126 1020 3190 erit:
1047 3125 1200 3188 dissident
1222 3124 1304 3186 uitia

321 3232 375 3294 IX.
406 3231 471 3295 Sed
495 3241 530 3294 tu
550 3252 686 3314 quoque,
708 3232 816 3312 inquit,
840 3232 987 3295 uirtutem
1008 3252 1073 3293 non
1093 3231 1136 3294 ob
1158 3231 1241 3294 aliud
1256 3231 1341 3307 coliS,
1366 3252 1464 3314 quam
1482 3241 1497 3294 1

232 3340 305 3420 quia
327 3338 463 3421 aliquam
487 3359 529 3401 ex
553 3339 604 3401 illa
626 3359 734 3420 speras
758 3337 963 3420 uoluptatem.
1009 3339 1146 3421 primum
1169 3358 1242 3414 non,
1265 3338 1291 3400 si
1315 3337 1462 3421 uolupta-

233 3585 248 3639 3
276 3593 399 3636 armatura
417 3588 484 3637 leuis*
500 3584 581 3640 Gertz
607 3591 706 3640 temere
812 3586 829 3638 4
854 3573 885 3638 sit
904 3586 942 3655 (in
960 3601 1025 3650 raa,
1041 3584 1097 3655 fuit
1115 3586 1174 3653 sim)
1282 3584 1297 3638 5
1324 3587 1462 3654 inutrumq;

233 3682 496 3797 hlllllulsuprascr.
515 3743 549 3780 m.
563 3730 628 3794 roc.)
719 3728 736 3781 7
755 3728 848 3794 placita
861 3727 1025 3782 deteriores:
1047 3729 1147 3794 placida
1237 3725 1254 3780 8
1272 3712 1303 3778 sit
1316 3731 1393 3795 (ras,
1402 3727 1465 3798 suit

231 3819 279 3868 sint
304 3816 350 3871 nel
372 3819 429 3884 sim)
533 3820 700 3883 compositum
801 3817 817 3870 9
842 3824 875 3870 lu
984 3817 1018 3872 10
1043 3823 1096 3867 erat
1121 3833 1179 3867 uera
1197 3818 1272 3867 Ratio
1291 3834 1349 3868 uera
1367 3816 1465 3874 codex

231 3905 319 3977 (apud
336 3904 494 3960 Fickertnm
513 3903 630 3960 alterum
648 3924 706 3957 uera
725 3910 789 3971 om.)
807 3912 909 3972 quaerat
927 3908 989 3957 ratio
1008 3922 1066 3956 uera
1084 3903 1174 3973 Koch,
1200 3905 1239 3959 ita
1257 3909 1288 3959 ut
1299 3907 1383 3977 prius
1400 3924 1464 3959 uera

229 3996 265 4049 sir
291 3995 408 4066 duplicis
432 4001 533 4061 quaerat
558 3995 715 4066 rcesthium
749 4003 788 4046 eat
812 4013 869 4046 uera
894 3998 957 4046 ratio
982 3992 1099 4065 Maduiq
1223 3997 1334 4047 sensibus
1358 3998 1464 4049 inritata

232 4101 362 4174 Maduip:
383 4105 481 4155 senibus
499 4105 572 4154 inrita
663 4103 694 4155 11
715 4120 760 4154 nec
779 4105 844 4154 enim
863 4100 961 4172 uulqor
983 4109 1006 4152 et
1025 4086 1064 4153 enl
1154 4104 1221 4153 aliud
1240 4103 1268 4170 (d
1287 4103 1372 4171 corr.)

231 4192 264 4244 12
283 4195 387 4244 mundus
406 4191 572 4247 deteriores:
593 4194 710 4243 mundum
801 4193 835 4245 14
860 4194 962 4244 intorn*
982 4189 1104 4259 (uidetur
1119 4189 1209 4260 fuisse
1227 4194 1261 4259 m)
1359 4191 1392 4245 15
1413 4196 1461 4244 ad·

214 4341 354 4405 'externam
431 4336 464 4390 21
485 4338 571 4387 arietet
590 4336 624 4403 (et
642 4340 714 4389 eoetr.
734 4352 751 4388 a
770 4350 842 4388 corr.
861 4332 995 4400 additum)
1079 4333 1114 4388 22
1126 4336 1243 4402 quicquid
1326 4293 1364 4389 25
1373 4289 1460 4403 pantapte

231 4425 379 4493 (suprascr.
400 4441 426 4476 m
454 4432 520 4487 rec.)
