3046 5092
204 340 242 396 tn
421 331 499 372 nine.
520 329 784 382 1.QVAREALIQVA
804 329 993 371 rucouuoon
1013 327 1101 370 souis
1121 329 1200 370 vnus

138 477 140 484 '
199 498 293 558 quem
317 476 489 559 specularia
511 497 637 559 semper
660 476 701 538 ab
725 476 842 539 adflatu
859 475 1102 551 uindicauerunt,
1126 475 1211 538 cuius
1226 477 1328 558 pedes
1344 477 1426 539 inter

160 631 163 638 .
199 583 339 655 fomenta
368 560 502 645 subinde
530 593 651 649 mutata
681 593 861 665 tepuerunt,
893 584 978 645 cuius
1008 583 1189 645 cenationes
1220 583 1370 645 subditus
1395 593 1426 645 et

197 690 365 770 parietibus
397 686 598 752 circumfusus¹
630 690 941 771 calor·temperauit=,
964 690 1047 751 hunc
1069 688 1145 751 leuis
1169 710 1244 751 aura
1267 710 1334 751 non
1359 691 1426 752 sine

198 796 336 877 periculo
364 798 503 877 stringet.
550 818 622 858 cum
651 799 756 858 omnia
779 817 860 876 quae
883 804 1087 858 excesserunt
1119 797 1251 858 modum
1278 806 1426 871 noceant²

171 928 182 963 s
197 903 457 982 perniciosissima
487 903 639 965 felicitatis
670 903 909 985 intemperantia
937 914 1001 965 est:
1048 912 1157 965 mouet
1181 903 1364 977 cerebrum,
1397 903 1426 964 in

198 1029 295 1070 uanas
326 1018 448 1071 mentes
480 1011 631 1090 imagines
660 1021 788 1084 euocat,
824 1009 957 1071 multum
988 1010 1068 1071 inter
1098 1009 1209 1070 falsum
1241 1029 1280 1072 ac
1311 1031 1426 1072 uerum

197 1117 320 1178 mediae
351 1115 488 1195 caliginis
519 1116 626 1177 fundit.
672 1117 779 1195 quidni
810 1117 905 1176 satius
935 1117 974 1177 sit
997 1125 1183 1196 perpetuam
1207 1115 1426 1179 infelicitatem

196 1224 352 1285 aduocata
391 1223 503 1283 uirtute
542 1224 693 1285 sustinere
722 1242 819 1303 quam
850 1221 973 1284 infinitis
1006 1230 1100 1303 atque
1131 1223 1297 1284 inmodicis
1331 1223 1426 1284 bonis

197 1330 317 1410 rumpi?
361 1329 459 1391 lenior
481 1330 593 1390 ieiunio
618 1350 704 1391 mors
728 1306 792 1392 est:
827 1329 980 1390 cruditate
1004 1329 1163 1390 dissiliunt.
1210 1328 1292 1390 hanc
1316 1329 1426 1410 itaque

157 1463 180 1502 n
195 1437 348 1497 rationem
373 1435 404 1496 di
428 1446 599 1515 sequuntur
621 1437 651 1497 in
675 1435 767 1497 bonis
790 1436 869 1508 uiris,
892 1456 988 1515 quam
1012 1436 1042 1496 in
1066 1434 1221 1516 discipulis
1249 1435 1312 1496 suis
1329 1456 1426 1516 prae-

195 1552 348 1623 ceptores,
372 1542 425 1622 qui
448 1541 518 1623 plus
542 1542 657 1603 laboris
680 1542 721 1604 ab
744 1543 779 1604 iis
802 1544 942 1622 exigunt,
966 1543 996 1602 in
1012 1542 1125 1622 quibus
1142 1542 1255 1603 certior
1271 1561 1349 1622 spes
1367 1552 1426 1605 est.

194 1650 346 1729 numquid
369 1658 404 1710 tu
428 1649 542 1709 inuisos
567 1668 636 1709 esse
652 1649 911 1710 Lacedaemoniis
927 1648 1043 1710 liberos
1059 1669 1133 1709 suos
1149 1647 1257 1723 credis,
1282 1668 1426 1727 quorum

194 1757 402 1836 experiuntur
425 1755 564 1817 indolem
587 1755 712 1836 publice
735 1755 916 1818 uerberibus
940 1757 1099 1817 admotis?
1138 1755 1195 1835 ipsi
1218 1753 1289 1815 illos
1312 1764 1426 1835 patres

193 1862 415 1936 adhortantur,
447 1873 481 1924 ut
511 1863 590 1923 ictus
621 1861 818 1943 flagellorum
850 1861 970 1924 fortiter
1000 1861 1158 1943 perferant
1182 1872 1213 1922 et
1236 1860 1363 1922 laceros
1388 1881 1426 1922 ac

153 1993 177 2034 n
192 1970 390 2030 semianimes
414 1979 535 2049 rogant,
559 1978 761 2050 perseuerent
785 1968 913 2030 uolnera
934 1968 1086 2049 praebere
1107 1968 1296 2029 uolneribus
1345 1968 1426 2048 quid

119 2097 123 2104 ·
192 2076 314 2148 mirum,
338 2076 363 2136 si
386 2075 464 2141 dure
487 2095 660 2155 generosos
684 2076 807 2155 spiritus
825 2076 902 2136 deus
918 2078 1089 2155 temptati
1107 2079 1279 2154 numquam
1298 2075 1426 2137 uirtutis

192 2179 287 2242 molle
311 2181 537 2242 documentum
562 2189 618 2241 est.
658 2180 804 2242 uerberat
827 2201 885 2242 nos
902 2189 934 2244 et
948 2180 1066 2242 lacerat
1081 2179 1212 2241 fortuna.
1245 2182 1423 2261 patiamur:

191 2307 255 2347 non
272 2295 320 2348 est
339 2287 476 2361 saeuitia,
500 2296 659 2348 certamen
683 2295 747 2361 est;
774 2289 861 2367 quod
884 2288 909 2348 si
932 2288 1056 2368 saepius
1072 2287 1248 2360 adferimus
1272 2286 1426 2351 fortiores

114 2406 134 2445 ⁰
191 2393 314 2454 erimus,
360 2391 548 2454 solidissima
571 2393 710 2474 corporis
733 2413 805 2474 pars
829 2402 877 2457 est
900 2414 995 2475 quam
1016 2392 1161 2474 frequens
1178 2412 1250 2453 usus
1267 2394 1422 2474 agitauit:

150 2524 176 2563 20
190 2499 362 2580 praebendi
379 2497 522 2561 fortunae
537 2520 655 2575 sumus,
671 2507 705 2561 ut
721 2509 831 2582 contra
846 2500 929 2562 illam
947 2500 988 2561 ab
1004 2500 1071 2581 ipsa
1080 2501 1237 2562 duremur.
1266 2501 1426 2581 paulatim

191 2627 249 2668 nos
265 2606 323 2667 sibi
339 2626 430 2687 pares
446 2605 545 2667 faciet.
571 2607 790 2689 contemptum
807 2608 1016 2689 periculorum
1033 2608 1205 2669 adsiduitas
1221 2608 1426 2688 periclitandi

191 2710 287 2774 dabit.
324 2713 368 2774 sic
383 2723 455 2774 sunt
471 2714 600 2775 nauticis
617 2734 784 2795 corporae
801 2713 931 2776 ferendo
948 2715 1025 2775 mari
1042 2716 1128 2788 dura,
1145 2713 1288 2795 agricolis
1306 2736 1426 2778 manus

189 2819 296 2893 tritae,
337 2807 378 2880 ad
417 2820 605 2882 excutienda
644 2820 707 2910 tela
746 2820 893 2882 militares
924 2821 1030 2883 lacerti
1063 2819 1183 2894 ualent,
1221 2820 1315 2901 agilia
1346 2833 1425 2886 sunt

190 2924 334 2986 membra
357 2927 552 2988 cursoribus:
586 2927 616 2988 id
640 2929 671 2989 in
694 2949 820 3009 quoque
844 2928 1065 2990 solidissimum
1090 2936 1138 2988 est
1161 2928 1249 3007 quod
1265 2932 1422 2993 exercuit.

149 3057 174 3096 n
189 3032 230 3093 ad
262 3033 527 3094 contemnendam
558 3035 735 3115 potentiam
767 3034 919 3096 malorum
944 3035 1065 3096 animus
1088 3033 1238 3114 patientia
1261 3038 1419 3114 peruenit,

95 3137 97 3141 ⁴
189 3158 270 3218 quae
301 3138 376 3217 quid
408 3139 439 3198 in
471 3140 563 3202 nobis
592 3140 715 3203 efficere
738 3142 837 3222 possit
860 3142 952 3215 scieS,
983 3142 1007 3201 si
1031 3141 1229 3231 adspexeris,
1261 3152 1418 3220 quantum

188 3242 365 3334 nationibus
389 3246 479 3306 nudis
504 3256 536 3308 et
558 3247 663 3328 inopia
685 3245 866 3316 fortioribus
896 3246 985 3307 labor
1008 3248 1155 3327 praestet.
1202 3266 1315 3308 omnes
1340 3269 1416 3311 con„

188 3351 290 3412 sidera
320 3359 445 3431 genteS,
476 3351 506 3412 in
531 3352 643 3432 quibus
666 3353 814 3414 Romana
836 3369 900 3434 pax
926 3351 1057 3413 desinit:
1084 3352 1263 3415 Germanos
1286 3354 1360 3416 dico
1386 3367 1417 3418 et

188 3437 340 3537 quidquid
364 3457 445 3519 circa
461 3458 603 3520 Histrum
628 3479 780 3540 uagarum
803 3458 944 3539 gentium
969 3469 1120 3522 occursat.
1170 3468 1324 3541 perpetua
1347 3460 1417 3524 illos

190 3687 305 3738 laftlatu
396 3686 639 3751 lpemiciosissima
657 3685 808 3756 Woelfflin:
837 3688 1043 3752 periculosissima
1138 3687 1252 3752 [quidni
1272 3686 1413 3744 Muretus:

187 3830 221 3894 qd
240 3846 270 3878 ne
289 3831 308 3877 is
370 3818 546 3880 &immodicis
614 3828 646 3880 ll]
665 3830 700 3878 dii
767 3834 880 3894 sequntur
940 3829 1112 3894 praeceptores
1125 3831 1165 3894 qui
1183 3830 1236 3894 plus
1256 3830 1349 3882 laboris
1362 3780 1416 3884 abis

188 3918 240 3984 (qui
258 3917 311 3983 plus
330 3932 401 3970 naara.
429 3931 483 3970 rec,
502 3916 711 3987 suprascripsit,
737 3914 825 3971 deleto
847 3917 986 3987 scriptura
1008 3931 1104 3968 manus
1126 3915 1239 3971 alterius
1259 3921 1342 3986 qplus)

240 3996 242 4001 ,
263 4007 293 4059 12
306 4007 390 4072 nunqd
447 4005 478 4058 15
489 4007 588 4055 uulnera
600 4008 703 4071 prebere
715 4007 853 4056 uulneribus
910 4006 942 4058 l7
956 4007 1078 4070 patiamur
1084 4002 1220 4059 Muretus:
1237 4011 1344 4072 patimur

191 4149 222 4201 ltl
241 4151 334 4199 seuitia
404 4149 438 4214 qd
457 4105 536 4212 ilpius
618 4147 789 4212 adprehendi
863 4124 990 4198 durem’¹¹⁵‘
1010 4148 1047 4213 (us
1060 4163 1130 4198 inan.
1144 4149 1209 4212 rec.)
1288 4153 1321 4204 Ἡ
1343 4156 1416 4205 saciet

189 4253 279 4308 Koch:
294 4229 368 4305 faciat
437 4229 516 4307 22sic
531 4261 584 4303 sunt
648 4253 775 4302 eferendo
791 4252 886 4306 Gertz:
907 4255 1030 4304 efferendo
1097 4254 1130 4307 25>
1145 4255 1344 4323 addtempnenda

186 4346 300 4411 potentis
323 4345 422 4402 malou.
447 4341 506 4398 cod.
529 4343 648 4392 malorum
674 4330 817 4411 potentiam!
834 4341 917 4411 urrfyo
1007 4343 1041 4395 26
1060 4347 1182 4408 aspexeris
1272 4349 1306 4400 ‘27
1326 4361 1416 4414 prester

277 4434 310 4486 29
330 4435 446 4503 quicquid
