3046 5092
495 936 526 1006 u.
557 930 699 1008 iuuln
730 941 895 1008 suuuoiu

288 1089 728 1185 DIALOGORVM
768 1090 964 1186 LIBER
996 1091 1101 1186 Vll.

559 1280 607 1328 AD
627 1279 833 1329 GALLIONEM

525 1401 571 1456 llll
604 1401 694 1456 llll
725 1402 861 1457 Bulla.

615 1549 773 1556 ——-—-—-

16 1652 28 1703 ¹
170 1674 191 1734 Ι.
225 1642 352 1746 Viuere,
368 1670 470 1734 Gallio
495 1671 596 1745 irater,
621 1693 732 1734 omnes
756 1674 851 1735 beate
872 1672 989 1748 uolunt,
1004 1677 1070 1737 ‘sed
1086 1677 1127 1737 ad
1143 1675 1305 1757 peruiden-

66 1779 165 1854 Cium,
189 1780 264 1861 quid
287 1778 327 1840 sit
350 1781 437 1861 quod
460 1779 588 1840 beatam
612 1780 709 1841 uitam
733 1779 859 1854 efficiat,
884 1780 1034 1861 caligant,
1073 1783 1218 1863 adeoque
1242 1803 1306 1867 non

66 1895 130 1947 est
159 1885 246 1948 facile
278 1887 426 1967 consequi
456 1886 584 1947 beatam
616 1887 728 1960 uitam,
761 1896 795 1947 ut
826 1908 865 1949 eo
897 1889 1027 1969 quisque
1057 1889 1097 1949 ab
1122 1909 1159 1950 ea
1182 1888 1306 1968 longius

67 1994 223 2067 recedat,
255 2013 319 2074 quo
350 1994 391 2054 ad
414 1991 497 2054 illam
522 1994 706 2054 concitatius
731 1993 841 2067 fertur,
873 1995 898 2054 si
922 1996 971 2056 uia
995 1994 1100 2076 lapsus
1124 2005 1190 2056 est:
1225 2015 1306 2077 quae

69 2098 132 2159 ubi
161 2098 192 2159 in
217 2100 406 2161 contrarium
431 2101 531 2173 ducit,
559 2101 627 2182 ipsa
651 2099 801 2162 uelocitas
824 2103 950 2162 maioris
973 2102 1123 2163 interualli
1147 2123 1241 2164 causa
1263 2102 1333 2163 fita

69 2207 322 2287 proponendum
346 2215 394 2267 est
417 2208 521 2288 itaque
545 2208 694 2289 primum,
718 2208 793 2287 quid
816 2209 855 2269 sit
879 2209 967 2288 quod
990 2210 1186 2291 adpetamus
1232 2219 1307 2271 tunc

75 2312 398 2393 circumspiciendum,
421 2333 484 2393 qua
507 2314 701 2374 contendere
725 2312 777 2374 illo
801 2312 962 2375 celerrime
979 2317 1144 2397 possimus
1168 2315 1304 2378 intellec-

74 2420 136 2481 turi
168 2420 199 2480 in
231 2420 299 2500 ipso
323 2421 448 2494 itinere,
481 2421 506 2480 si
530 2421 629 2481 modo
660 2429 781 2481 rectum
813 2421 886 2494 erit,
918 2431 1069 2502 quantum
1094 2421 1209 2483 cotidie
1232 2443 1304 2503 pro-

78 2525 202 2606 fligetur
231 2536 413 2607 quantoque
444 2526 573 2607 propius
604 2527 716 2600 abeo
749 2527 860 2601 simuS,
893 2529 934 2588 ad
958 2528 1045 2609 quod
1069 2549 1128 2589 nos
1152 2528 1305 2608 cupiditas

16 2630 46 2684 ’ὲ
80 2632 226 2695 naturalis
258 2632 382 2713 inpellit.
428 2635 579 2713 quamdiu
611 2633 739 2713 quidem
771 2634 887 2714 passim
920 2655 1071 2715 uagamur
1102 2656 1166 2696 non
1190 2637 1304 2697 ducem
1323 2652 1345 2691 u

78 2741 176 2802 secuti
206 2740 263 2800 sed
294 2738 452 2801 fremitum
478 2748 509 2801 et
533 2738 704 2802 clamorem
729 2741 890 2802 dissonum
916 2741 945 2801 in
970 2742 1093 2802 diuersa
1116 2743 1305 2816 uocantium,

78 2854 258 2914 conteretur
286 2847 350 2907 uita
372 2847 453 2908 inter
475 2867 596 2923 errores
620 2847 739 2922 breuiS,
771 2847 892 2910 etiamsi
915 2848 982 2909 dies
1005 2857 1178 2930 noctesque
1200 2849 1304 2911 bonae

78 2954 175 3014 menti
197 2952 404 3014 laboremusz'
423 2955 611 3016 decernatur
633 2954 746 3035 itaque,
771 2963 803 3016 et
826 2974 889 3035 quo
913 2955 1082 3016 tendamus
1099 2964 1130 3017 et
1146 2977 1216 3037 qua,
1239 2977 1304 3017 non

78 3061 141 3122 sine
173 3060 275 3142 perito
307 3058 427 3142 aliquo,
466 3061 514 3122 cui
544 3060 711 3143 explorata
741 3063 802 3123 sint
834 3082 886 3136 ea,
924 3061 955 3121 in
985 3082 1066 3155 quae
1096 3063 1304 3142 procedimuS,

77 3166 225 3247 quoniam
257 3166 387 3247 quidem
411 3188 475 3228 non
498 3169 612 3230 eadem
635 3168 686 3230 hic
708 3189 789 3249 quae
812 3169 842 3228 in
866 3168 978 3230 ceteris
1000 3169 1304 3262 peregrinationibus
1321 3185 1343 3225 ¹5

78 3273 221 3334 condicio
244 3281 309 3334 est:
336 3274 367 3334 in
390 3272 447 3336 illis
470 3294 663 3356 conprensus
686 3273 795 3356 aliquis
818 3274 908 3336 limes
932 3283 963 3336 et
984 3274 1168 3357 interrogati
1183 3277 1305 3339 incolae

78 3399 139 3442 non
162 3379 323 3461 patiuntur
347 3400 457 3442 errare.
497 3389 530 3442 at
554 3380 603 3443 hic
627 3382 787 3444 tritissima
809 3402 953 3462 quaeque
976 3381 1026 3443 uia
1049 3390 1081 3443 et
1101 3382 1305 3446 celeberrima

34 3486 217 3548 3maxime
254 3485 376 3567 decipit.
425 3487 499 3550 nihil
536 3505 613 3568 ergo
645 3490 746 3568 magis
777 3490 1002 3570 praestandum
1040 3498 1103 3564 est,
1138 3511 1233 3571 quam
1264 3510 1304 3552 ne

77 3612 226 3672 pecorum
251 3593 310 3654 ritu
334 3613 502 3674 sequamur
525 3597 780 3657 antecedentium
803 3614 944 3675 gregem,
968 3604 1136 3675 pergentes
1161 3618 1224 3658 non
1237 3607 1303 3678 ¹quo

74 3700 213 3761 eundum
245 3707 309 3774 est,
340 3701 398 3762 sed
425 3721 490 3781 quo
513 3701 581 3765 itur.
628 3703 714 3782 atqui
737 3699 819 3762 nulla
850 3721 899 3762 res
930 3721 989 3762 nos
1021 3703 1189 3764 maioribus
1214 3703 1302 3764 malis
1317 3719 1343 3758 ru

77 3804 210 3885 inplicat,
233 3825 329 3886 quam
352 3807 440 3887 quod
463 3808 504 3867 ad
528 3827 687 3868 rumorem
705 3809 921 3888 conponimur,
946 3810 1068 3887 optima
1084 3810 1141 3870 rati
1157 3830 1202 3884 ea,
1223 3830 1303 3890 quae

78 3929 193 3990 magno
224 3912 359 3973 adsensu
392 3920 519 3994 recepta
550 3922 622 3975 sunt
654 3914 804 3994 quodque
828 3912 979 3992 exempla
1001 3924 1066 3993 pro
1089 3914 1181 3977 bonis
1205 3917 1304 3977 multa

79 4137 214 4189 2elficia*
316 4139 605 4210 bappetamus'orrior
624 4159 640 4206 p
659 4140 743 4208 corr)
855 4139 1033 4206 9quantoq;*
1136 4144 1236 4208 propius
1255 4143 1302 4210 (ius
1379 4202 1382 4215 ,

77 4226 100 4278 in
119 4229 185 4294 ras.)
294 4229 324 4282 11
345 4231 420 4279 secuti
440 4231 499 4297 (cuti
518 4231 545 4283 in
565 4231 633 4297 ras.)
739 4230 769 4282 12
789 4236 925 4294 noctesq3r
1037 4231 1068 4283 14
1088 4234 1192 4297 aliquoi

78 4315 107 4368 16
126 4332 270 4381 conpressus
289 4317 381 4388 (prior
399 4334 410 4366 s
429 4316 540 4373 uidetur
558 4334 597 4372 ex
615 4337 631 4368 u
650 4321 734 4385 corr.)
825 4319 856 4371 21
879 4321 1051 4387 componimur
1146 4320 1181 4373 22
1204 4337 1302 4370 assensu

78 4402 157 4470 (asin
176 4407 243 4469 ras.)
352 4423 398 4472 pro
417 4408 489 4456 bonis
509 4405 655 4461 Erasmus:
677 4410 748 4458 bonis
