3046 5092
257 341 318 403 102
617 334 697 379 DlAL.
713 335 738 373 V.
769 335 809 376 DE
824 335 875 376 1Rn
890 335 946 380 LIB.
962 335 1003 379 ΙΙΙ,
1034 338 1113 380 18.19.

252 481 369 544 facinus
393 502 504 544 manus
528 486 697 545 exercens?
728 483 753 544 is
776 483 862 545 illum
886 492 959 546 ante
982 484 1112 547 bustum
1137 483 1177 567 Q.
1203 484 1306 549 Catuli
1328 487 1484 568 carpebat

251 589 453 670 grauissimus
476 590 630 652 mitissimi
654 591 709 652 uiri
732 590 899 665 cineribus,
930 611 1025 673 supra
1055 612 1136 672 quos
1167 593 1212 653 uir
1235 591 1309 654 mali
1332 592 1481 675 exempli,

250 695 410 778 popularis
444 705 552 758 tamen
583 705 617 758 et
651 717 716 758 non
746 706 812 759 tam
844 697 990 760 inmerito
1021 719 1117 778 quam
1149 699 1240 760 nimis
1270 709 1396 763 amatus
1426 720 1483 782 per

250 803 403 866 stillicidia
425 804 610 884 sanguinem
635 803 741 865 dabat.
788 804 902 885 dignus
926 813 993 867 erat
1016 805 1134 867 Marius
1157 805 1210 889 qui
1237 804 1289 868 illa
1311 815 1482 888 pateretur,

225 909 337 972 sSulla
359 911 413 991 qui
435 910 566 984 iuberet,
590 909 722 983 ‚Catilina
745 911 798 992 qui
821 910 946 987 faceret,
969 913 1027 974 sed
1050 912 1179 993 indigna
1200 911 1379 994 respublica
1401 933 1483 994 quae

250 1017 281 1078 in
304 1037 419 1098 corpus
442 1037 533 1092 suum
564 1018 680 1099 pariter
711 1026 744 1080 et
766 1017 905 1080 hostium
929 1027 962 1080 et
985 1018 1143 1081 uindicum
1171 1018 1296 1099 gladios
1318 1020 1480 1102 reciperet

249 1124 324 1204 quid
355 1123 484 1204 antiqua
511 1127 708 1204 perscrutor?
741 1125 841 1187 modo
866 1124 900 1187 C.
924 1124 1041 1188 Caesar
1064 1123 1202 1188 Sextum
1225 1126 1408 1208 Papinium,
1432 1129 1509 1198 cui3

250 1241 341 1313 pater
364 1240 431 1293 erat
463 1231 649 1306 consularis,
673 1230 858 1293 Betilienum
882 1232 1015 1294 Bassum
1038 1241 1241 1312 quaestorem
1264 1253 1376 1310 suum,
1407 1254 1477 1315 pro-

251 1341 403 1400 curatoris
425 1339 472 1400 sui
494 1337 600 1412 filium,
624 1336 764 1418 aliosque
788 1346 821 1399 et
843 1346 1006 1401 senatores
1030 1348 1062 1400 et
1084 1340 1205 1430 equites
1225 1340 1395 1403 Romanos
1419 1361 1479 1402 uno

212 1465 235 1504 n
250 1445 301 1506 die
324 1443 455 1525 flagellis
471 1445 592 1519 cecidit,
615 1444 715 1519 torsit,
739 1465 803 1506 non
826 1445 1017 1525 quaestionis
1041 1447 1098 1533 sed
1114 1447 1207 1508 animi
1223 1467 1330 1511 causa.
1367 1447 1504 1515 deindel

249 1552 331 1613 adeo
354 1551 508 1633 inpatiens
531 1552 587 1614 suit
612 1549 805 1636 differendae
837 1551 1021 1634 uoluptatiS,
1051 1572 1147 1633 quam
1178 1553 1289 1634 ingens
1312 1553 1503 1618 crudelitas

248 1659 313 1720 eius
336 1659 402 1720 sine
426 1656 575 1722 dilatione
597 1658 767 1741 poscebat,
799 1668 834 1720 ut
863 1661 894 1720 in
927 1667 1026 1739 xysto
1058 1668 1272 1722 maternorum
1301 1641 1478 1742 hortorum,

247 1766 300 1846 qui
321 1766 479 1847 porticum
503 1787 522 1827 a
544 1765 611 1846 ripa
633 1777 770 1846 separat,
801 1764 998 1827 inambulans
1022 1786 1094 1828 curn
1118 1767 1270 1830 matronis
1294 1776 1393 1849 atque
1415 1768 1478 1830 aliis

247 1872 445 1935 senatoribus
460 1873 619 1953 quosdam
643 1892 685 1934 ex
702 1871 757 1934 illis
782 1874 823 1934 ad
839 1871 999 1934 lucernam
1016 1872 1196 1935 decollaret.
1227 1874 1309 1954 quid
1319 1874 1477 1938 instabat?

209 2000 232 2040 rs
246 1980 335 2059 quod
365 1979 536 2061 periculum
568 1987 622 2041 aut
653 1980 810 2061 priuatum
841 1987 895 2040 aut
917 1978 1076 2060 publicum
1106 1999 1168 2042 una
1189 2001 1256 2042 nox
1281 1981 1478 2045 minabatur?

246 2087 431 2168 quantulum
455 2084 511 2148 suit
534 2086 636 2148 lucem
660 2093 831 2167 expectare
855 2087 1004 2168 denique,
1028 2107 1067 2148 ne
1091 2095 1253 2150 senatores
1276 2087 1388 2170 populi
1412 2089 1477 2151 Ro-

246 2192 330 2255 mani
352 2193 491 2256 soleatus
514 2193 690 2255 occideret?

334 2299 421 2361 XIX.
461 2298 567 2381 Quam
599 2299 735 2380 superba
765 2299 856 2362 suerit
887 2298 1053 2362 crudelitas
1084 2301 1149 2362 eius
1178 2302 1220 2363 ad
1243 2321 1311 2364 rem
1335 2303 1503 2383 pertinetr

244 2407 331 2482 scire,
355 2427 548 2490 quamquam
570 2407 716 2469 aberrare
733 2406 822 2469 alicui
837 2407 1110 2495 possimusquideri
1127 2416 1159 2469 et
1175 2407 1206 2469 in
1221 2390 1349 2471 deuium
1366 2410 1475 2473 exire:

204 2516 302 2577 used
332 2514 396 2577 hoc
426 2515 527 2596 ipsum
558 2535 631 2596 pars
660 2516 718 2576 erit
749 2515 814 2578 irae
843 2534 937 2594 super
967 2513 1060 2576 solita
1091 2514 1266 2577 saeuientis.
1316 2517 1479 2580 ceciderat

245 2621 376 2703 flagellis
399 2632 582 2686 senatores:
618 2621 684 2705 ipse
709 2621 820 2697 effecit,
844 2629 877 2684 ut
893 2622 953 2684 dici
968 2629 1096 2703 posset:
1129 2621 1211 2700 solet
1226 2620 1299 2684 fieri.
1339 2631 1480 2687 torserat

214 2785 216 2788 .
244 2749 300 2810 per
324 2732 431 2791 omnia
453 2749 534 2810 quae
557 2731 587 2790 in
608 2748 712 2791 rerum
733 2738 844 2790 natura
859 2730 1036 2790 tristissima
1050 2735 1130 2804 sunt,
1154 2727 1293 2804 fidiculis
1316 2728 1479 2808 talaribus,

244 2836 366 2912 eculeo,
398 2839 486 2918 igne,
519 2835 605 2898 uoltu
636 2855 703 2897 suo.
754 2844 786 2898 et
816 2835 880 2896 hoc
907 2834 982 2903 loco
1011 2834 1274 2916 respondebitur:
1301 2823 1515 2919 'magnam2

244 2948 331 3006 rem!
372 2946 398 3006 si
428 2954 492 3006 tres
523 2952 686 3006 senatores
717 2945 805 3024 quasi
835 2962 972 3022 nequam
1005 2944 1160 3024 mancipia
1182 2945 1262 3004 inter
1285 2943 1431 3006 uerbera'
1444 2953 1479 3007 et

170 3040 173 3046 ⁸
204 3072 229 3110 rs
244 3048 389 3113 flammas
420 3052 524 3115 diuisit
554 3050 668 3125 bomo,
700 3052 752 3133 qui
782 3049 823 3111 de
854 3058 925 3112 toto
956 3058 1066 3112 senatu
1089 3050 1277 3113 trucidando
1301 3052 1480 3132 cogitabat,

243 3161 295 3238 qui
327 3158 472 3239 optabat,
512 3166 546 3220 ut
577 3156 714 3240 populus
744 3157 910 3219 Romanus
941 3176 1036 3218 unam
1068 3159 1223 3220 ceruicem
1254 3155 1403 3234 haberet,
1442 3168 1481 3222 ut

241 3264 361 3328 scelera
391 3287 447 3327 sua
478 3273 528 3327 tot
559 3263 637 3328 locis
667 3285 705 3327 ac
733 3263 931 3346 temporibus
962 3265 1093 3326 diducta
1123 3267 1153 3327 in
1183 3284 1280 3327 unum
1311 3267 1412 3328 ictum
1444 3276 1481 3330 et

242 3394 339 3434 unum
364 3373 448 3434 diem
473 3380 613 3453 cogeret.
651 3373 728 3453 quid
743 3381 810 3434 tam
834 3372 1008 3434 inauditum
1023 3391 1120 3453 quam
1143 3380 1333 3435 nocturnum
1355 3372 1480 3455 suppli-

243 3481 341 3543 cium'?
367 3500 439 3542 cum
467 3480 629 3543 latrocinia
653 3479 792 3542 tenebris
824 3478 976 3542 abscondi
1007 3478 1143 3553 soleant,
1175 3479 1482 3556 animaduersiones,

328 3784 477 3843 lexercens
494 3745 512 3832 is
532 3785 577 3834 illu
656 3782 733 3848 quinti
753 3781 827 3831 catull
907 3766 975 3835 VC.
995 3797 1065 3844 cesar
1148 3781 1180 3832 11
1200 3781 1287 3846 ingens
1305 3777 1480 3837 Pincianus:

241 3875 366 3939 ingentem
458 3873 490 3925 13
511 3873 665 3922 inambulans
685 3888 740 3921 curn
759 3870 879 3920 matronis
898 3876 970 3934 atque
989 3869 1044 3919 aliis
1062 3869 1216 3920 senatoribus
1234 3869 1357 3934 quosdam
1377 3887 1410 3921 ex
1430 3873 1482 3922 illis

1084 3947 1093 3978 t

240 4015 365 4087 Lipsius:
393 4016 549 4095 inambulans
574 4015 696 4080 quosdam
721 4031 751 4064 ex
769 4014 817 4063 illis
837 4030 892 4062 cum
919 4014 1037 4062 matronis
1057 3993 1138 4077 adque
1157 4013 1211 4063 aliis
1229 4013 1387 4064 senatoribus
1406 4013 1482 4083 cod„

240 4122 293 4175 quo
313 4105 410 4160 ordine
428 4110 533 4159 retento
555 4102 637 4157 Gertz
664 4108 719 4153 curn
740 4102 872 4155 incoram
891 4100 1050 4155 narrandum
1069 4117 1128 4156 esse
1147 4109 1239 4156 censet
1347 4099 1382 4154 19
1403 4104 1482 4155 alicui

239 4193 368 4250 Fickert:
390 4197 465 4261 aliqui
563 4192 596 4246 20
615 4195 650 4259 ire
669 4209 714 4258 sup
735 4193 808 4262 (post
827 4195 862 4256 ire
881 4193 947 4259 ras.)
1051 4190 1083 4245 21
1104 4196 1187 4256 posset
1206 4189 1275 4258 cod„
1293 4188 1357 4244 item
1376 4189 1482 4263 Ncap„

239 4282 378 4351 Muretus,
404 4283 529 4353 lipsium
560 4285 637 4349 possit
658 4297 779 4353 prorsus
804 4281 928 4335 inmerito
953 4279 1041 4350 Ripa,
1065 4278 1141 4349 quod
1164 4280 1335 4334 retinuerunt
1358 4278 1484 4336 racem

239 4377 265 4425 et
284 4371 389 4440 Haase,
415 4388 531 4441 quorum
551 4371 596 4426 ille
614 4374 664 4422 dici
683 4373 760 4436 possit
779 4385 871 4425 omnes
890 4369 974 4424 libros
992 4367 1095 4424 labere
1114 4367 1239 4438 affirmat
1316 4362 1320 4367 ’
1352 4367 1390 4424 23
1410 4372 1483 4423 uultu

326 4461 361 4512 29
380 4477 466 4532 supra
485 4463 711 4512 animaduersiones
730 4476 763 4512 m.
784 4475 839 4518 rec.
859 4477 956 4511 reorum
975 4460 1115 4524 punitiones
