3046 5092
156 283 174 344 8
369 277 447 318 Dth.
468 276 486 318 l.
506 276 607 327 QVARE
627 275 738 326 ALlQVA
757 273 945 317 INCOMMODA
964 273 1053 317 BONIS
1073 275 1159 317 VIRIS

155 424 283 487 Vatinio
324 422 520 505 postferatur.
574 441 671 503 graue
707 431 755 484 est
788 420 926 484 ciuilibus
963 420 1051 484 bellis
1088 421 1258 485 interesse:
1310 431 1387 485 toto

141 506 308 594 ¹terrarum
340 530 419 592 orbe
447 550 505 611 pro
537 549 631 591 causa
661 529 747 591 bona
777 538 843 590 tam
874 527 1033 591 infeliciter
1061 548 1156 610 quam
1180 530 1390 612 pertinaciter

155 636 273 700 militet.
324 656 421 718 graue
457 644 504 698 est
536 655 646 697 manus
677 634 734 697 sibi
765 633 907 696 adferre:
957 634 1055 697 faciat.
1107 636 1182 717 quid
1213 656 1272 718 per
1305 635 1395 712 haer:

155 748 349 824 consequar?
397 750 430 804 ut
461 763 573 805 omnes
604 743 702 804 sciant
732 762 796 803 non
828 761 897 803 esse
928 742 1006 804 haec
1039 741 1136 818 mala,
1175 743 1290 824 quibus
1323 763 1395 824 ego

128 851 285 932 rdignum
310 849 465 912 Catonem
489 849 606 930 putaui.

244 956 299 1027 IV.
345 956 518 1036 Prosperae
543 976 591 1017 res
620 965 652 1018 et
679 956 709 1016 in
732 953 860 1035 plebem
889 974 927 1016 ac
950 954 1021 1016 uilia
1043 954 1168 1034 ingenia
1192 957 1384 1019 deueniunt:

154 1073 188 1126 at
211 1061 403 1149 calamitates
427 1073 625 1142 terroresque
649 1060 828 1123 mortalium
851 1059 910 1122 sub
934 1062 1041 1141 iugum
1066 1062 1190 1124 mittere
1218 1064 1394 1144 proprium

156 1170 263 1250 magni
294 1169 348 1230 uiri
377 1179 432 1230 est.
479 1189 604 1250 semper
633 1189 709 1229 uero
741 1188 810 1229 esse
840 1165 962 1229 felicem
993 1175 1025 1229 et
1053 1169 1119 1231 sine
1150 1190 1257 1231 morsu
1290 1171 1395 1232 animi

155 1276 285 1338 transire
300 1276 398 1338 uitam
414 1275 559 1356 ignorare
575 1284 623 1337 est
645 1272 749 1336 rerum
773 1283 901 1337 naturae
917 1274 1050 1337 alteram
1066 1284 1199 1357 partem.
1248 1297 1392 1357 magnus

117 1397 139 1435 ¹⁰
155 1383 200 1443 uir
223 1402 273 1444 es:
299 1383 357 1444 sed
381 1383 464 1442 unde
479 1382 552 1455 sci0‚
577 1385 602 1443 si
617 1381 672 1442 tibi
688 1380 810 1442 fortuna
826 1402 890 1443 non
906 1381 961 1443 dat
977 1380 1161 1444 facultatem
1179 1381 1393 1446 exhibendae

155 1489 295 1551 uirtutis?
329 1487 517 1552 descendisti
541 1487 581 1549 ad
606 1486 774 1568 Olympia,
805 1488 863 1549 sed
887 1508 982 1550 nemo
1006 1496 1130 1569 praeter
1153 1498 1202 1551 te:
1229 1510 1390 1553 coronam

154 1595 268 1670 habeS‚
301 1595 461 1657 uictoriam
494 1615 557 1656 non
588 1594 703 1669 habes;
725 1615 802 1661 ‚non
832 1594 975 1675 gratulor
1006 1603 1170 1676 tamquam
1202 1597 1270 1658 uiro
1303 1596 1392 1672 forti,

154 1703 211 1764 sed
241 1712 405 1782 tamquam
443 1700 640 1764 consulatum
676 1709 896 1783 praeturamue
929 1702 1067 1781 adepto:
1107 1702 1229 1764 honore
1272 1713 1387 1766 auctus

155 1830 196 1872 es
242 1809 326 1871 idem
351 1809 454 1870 dicere
478 1818 510 1871 et
534 1808 619 1871 bono
645 1809 711 1870 uiro
735 1829 883 1890 possum,
915 1808 939 1869 si
963 1806 1003 1869 illi
1032 1807 1148 1871 nullam
1180 1809 1384 1873 occasionem

116 1941 140 1979 15
155 1915 307 1979 difficilior
324 1936 413 1978 casus
431 1917 518 1978 dedit
534 1916 564 1976 in
581 1936 643 1996 qua
661 1916 744 1997 [una]
762 1916 826 1977 uim
843 1915 888 1976 sui
905 1915 998 1976 animi
1009 1917 1199 1977 ostenderet.
1232 1917 1384 1980 miserum

156 2034 188 2085 te
211 2022 329 2094 iudico,
361 2024 449 2102 quod
481 2043 651 2103 numquam
683 2021 765 2084 fuisti
797 2022 898 2083 miser.
945 2021 1081 2083 transisti
1112 2023 1178 2084 sine
1202 2024 1385 2086 aduersario

156 2130 261 2191 uitam.
308 2149 403 2190 nemo
426 2129 503 2190 sciet
526 2129 601 2208 quid
625 2128 773 2209 potueris.
827 2148 867 2189 ne
890 2137 924 2190 tu
948 2128 1076 2208 quidem
1102 2129 1176 2210 ipse.
1231 2151 1314 2212 opus
1337 2140 1385 2194 est

156 2236 240 2296 enim
263 2236 304 2297 ad
328 2235 471 2296 notitiam
494 2235 540 2296 sui
566 2235 792 2316 experimento
839 2233 913 2315 quid
930 2235 1062 2316 quisque
1077 2245 1187 2316 posset
1203 2237 1259 2298 nisi
1279 2247 1382 2321 temp-

156 2342 254 2402 tando
286 2361 350 2402 non
381 2340 504 2403 didicit'
550 2340 654 2421 itaque
677 2341 807 2421 quidam
831 2341 888 2422 ipsi
912 2340 993 2403 ultro
1016 2362 1051 2402 se
1074 2343 1270 2406 cessantibus
1294 2345 1385 2408 malis

117 2471 142 2509 ro
157 2447 338 2528 optulerunt
369 2455 401 2509 et
431 2447 536 2509 uirtuti
566 2448 666 2509 iturae
696 2449 726 2509 in
754 2447 924 2510 obscurum
960 2449 1160 2511 occasionem
1197 2471 1253 2531 per
1286 2473 1384 2533 quam

157 2554 341 2617 enitesceret
371 2553 576 2635 quaesierunt.
623 2555 779 2637 gaudent,
812 2556 957 2636 inquam,
988 2557 1094 2635 magni
1127 2557 1181 2617 uiri
1212 2556 1384 2638 aliquando

157 2661 250 2722 rebus
274 2661 429 2736 aduersiS,
461 2679 526 2722 non
549 2661 638 2723 aliter
660 2682 756 2742 quam
780 2661 878 2724 fortes
902 2662 1015 2724 milites
1038 2661 1143 2737 bellis3
1171 2663 1383 2746 Triumphum

157 2788 219 2848 ego
243 2767 474 2830 murmillonem
498 2768 557 2830 sub
580 2768 708 2831 Tiberio
734 2767 868 2830 Caesare
893 2770 932 2831 de
948 2770 1074 2831 raritate
1098 2790 1262 2831 munerum
1279 2773 1385 2833 audiui

156 2883 360 2954 querentem:
394 2894 490 2954 quam
514 2874 612 2951 bella,
646 2876 758 2955 inquit,
790 2884 876 2937 aetas
908 2876 1007 2956 perit!
1065 2875 1158 2953 auida
1185 2885 1234 2938 est
1256 2877 1385 2957 periculi

117 3002 142 3041 aa
158 2980 254 3043 uirtus
278 2989 310 3042 et
332 3001 397 3061 quo
421 2981 539 3056 tendat,
564 2977 627 3043 non
651 2983 726 3062 quid
749 3002 879 3063 passura
902 2984 941 3044 sit
956 2983 1090 3062 cogitat,
1115 2983 1264 3063 quoniam
1287 2983 1383 3046 etiam

158 3088 247 3168 quod
284 3107 415 3168 passura
453 3096 501 3150 est
545 3087 664 3168 gloriae
703 3108 775 3169 pars
815 3098 870 3150 est.
933 3088 1081 3150 militares
1120 3089 1174 3150 uiri
1211 3089 1385 3169 gloriantur

159 3192 346 3268 uolneribus,
370 3191 442 3255 laeti
466 3193 616 3256 fluentem
640 3193 761 3256 meliori
783 3215 856 3256 casu
881 3195 1065 3275 sanguinem
1089 3203 1257 3258 ostentant.
1297 3197 1384 3259 idem

158 3298 230 3361 licet
259 3298 388 3362 fecerint
427 3301 478 3380 qui
509 3301 621 3380 integri
653 3285 851 3362 reuertuntur
889 3321 930 3361 ex
970 3301 1049 3375 acie,
1088 3303 1188 3382 magis
1224 3312 1386 3384 spectatur

158 3532 278 3581 il-manus
303 3530 350 3578 sibi
375 3527 434 3582 cod.
454 3530 501 3578 sibi
520 3545 606 3579 manus
631 3526 713 3598 uulgo
803 3530 888 3578 afferre
972 3532 1018 3580 hec
1104 3533 1119 3579 u
1145 3549 1278 3597 prosperae
1304 3550 1341 3583 res
1362 3539 1386 3583 et

877 3607 885 3648 l

433 3625 441 3656 t

159 3669 265 3741 Haupt:
288 3672 449 3736 psperaresed
541 3670 556 3722 l
575 3671 701 3735 proprium
722 3669 806 3741 Neap.
829 3673 900 3738 ppflfl
922 3671 938 3724 i.
953 3689 974 3726 e.
995 3689 1028 3726 m.
1042 3689 1090 3743 pr.
1109 3676 1267 3738 promptium
1287 3690 1321 3728 m.
1337 3672 1384 3728 all.

157 3764 299 3824 promptum
374 3758 406 3810 10
424 3759 579 3809 faecultalem
654 3759 681 3810 ll
704 3761 815 3810 sinemo
835 3742 986 3815 Pilrct‘anus
1065 3762 1098 3814 12
1118 3767 1232 3827 tanquam
1316 3765 1386 3813 fortis

159 3847 181 3913 (s
197 3845 297 3912 deleta)
373 3847 404 3900 13
425 3851 516 3912 tanqua
590 3847 622 3899 ll
641 3850 798 3899 occasionem
819 3850 893 3916 (m.2
914 3851 941 3903 in
960 3850 1094 3919 margine)
1165 3852 1194 3902 lo
1214 3868 1262 3900 una
1281 3851 1387 3905 traducit

161 3933 243 3989 Gertz
263 3937 355 3999 (uiuam
368 3933 486 4006 labaim,
505 3920 641 3986 uniuersam
654 3935 773 4003 Haase).
849 3940 881 3992 21
903 3942 1002 4005 inquam
1022 3937 1077 3991 E‘:
1100 3925 1167 4005 inqt¹
1242 3941 1276 3992 ‘22
1295 3942 1384 3999 bellis3

159 4026 322 4090 Triumphum
333 4021 483 4078 Rubenius:
498 4024 557 4074 belli
570 4025 672 4090 triupho
686 4026 714 4092 (b
726 4041 765 4080 ex
778 4045 792 4078 u
806 4043 881 4092 corr;
891 4033 953 4098 post
965 4029 1024 4078 belli
1037 4043 1085 4080 ras
1099 4037 1222 4098 utsupra
1235 4046 1250 4080 ο
1263 4031 1330 4092 ras.)

159 4117 192 4167 23
207 4115 310 4164 Tiberio
329 4115 434 4163 Caesare
454 4110 578 4166 Fickert:
603 4115 634 4167 T.
648 4115 739 4178 Cesare
823 4117 856 4169 ab
876 4119 952 4166 tendit
1031 4115 1064 4168 2?
1084 4119 1178 4166 meliori
1199 4135 1256 4166 casu
1276 4116 1386 4187 Lipsius

159 4217 188 4254 se
201 4216 300 4271 capere
318 4201 436 4271 nequiuit,
457 4199 611 4254 Gronovius
620 4199 730 4270 frustra
749 4203 892 4274 explicare
905 4203 1010 4267 studet;
1029 4207 1127 4254 medico
1144 4207 1265 4269 obligauit
1279 4208 1384 4260 conieci

161 4289 228 4342 cum.
243 4288 294 4343 Cic.
312 4289 336 4342 T
333 4306 389 4344 uso.
404 4293 428 4353 2,
443 4293 475 4342 38
489 4296 513 4340 at
527 4307 585 4340 uero
598 4291 639 4340 ille
652 4278 795 4342 exercitatus
814 4300 837 4342 et
850 4302 916 4343 uetus
935 4295 968 4342 ob
983 4283 1085 4358 eamque
1098 4311 1147 4343 rem
1162 4296 1247 4343 fortior
1262 4298 1385 4346 medicum

161 4381 238 4429 modo
258 4383 389 4448 requirens,
408 4399 423 4430 a
440 4398 488 4446 quo
508 4381 629 4444 obligetur
