3046 5092
401 383 405 388 ,
487 337 567 380 DlAL.
582 337 620 378 1v.
650 337 690 376 DE
704 337 757 376 lRA
772 336 828 378 LlB.
844 337 872 377 ll.
904 340 934 379 ll.
953 340 983 378 15.
1303 344 1344 405 67

125 487 289 568 aliquando
312 485 510 547 incutiendus
538 494 586 546 est
613 485 649 545 iis
672 493 775 545 metus
799 482 883 563 apud
905 503 987 564 quos
1010 483 1090 545 ratio
1113 503 1177 544 non
1200 481 1343 565 proficit:

131 594 213 656 irasci
241 591 369 673 quidem
391 611 456 652 non
479 591 581 671 magis
604 589 678 652 utile
702 599 751 650 est
772 609 870 671 quarn
893 608 1043 662 maerere,
1071 608 1167 670 quarn
1196 598 1347 652 metuere.

110 699 203 780 aquid
230 700 323 778 ergo?
362 718 427 759 non
458 697 598 758 incidunt
629 717 742 758 causae
769 715 851 777 quae
873 697 952 757 iram
975 694 1151 758 lacessant?
1190 697 1249 758 sed
1272 706 1348 759 tunc

143 805 261 865 maxime
297 802 339 864 illi
378 804 592 885 opponendae
623 823 734 864 manus
765 811 844 864 sunt
898 822 957 864 nec
987 811 1036 863 est
1066 800 1192 864 difficile
1222 803 1347 865 uincere

146 909 269 984 animum,
291 928 364 970 cum
387 909 526 972 athletae
548 928 676 991 quoque
698 910 730 969 in
745 907 891 970 uilissima
906 909 952 970 sui
971 917 1062 989 parte
1077 909 1221 991 occupati
1238 918 1373 971 tamenn

146 1014 209 1077 ictus
228 1013 413 1098 doloresque
435 1016 605 1096 patiantur,
629 1023 664 1076 ut
685 1016 767 1076 uires
790 1014 950 1076 caedentis
973 1013 1169 1089 exhauriant,
1192 1035 1251 1077 nec
1274 1035 1346 1078 cum
1436 1012 1440 1023 ’

121 1120 185 1180 3ira
207 1123 320 1197 suadet,
352 1121 476 1197 feriant,
506 1123 564 1184 sed
595 1141 667 1184 cum
695 1120 829 1183 occasio,
875 1120 1031 1198 Pyrrhum
1055 1123 1232 1182 maximum
1255 1142 1345 1205 prae-

149 1237 285 1306 ceptorem
323 1228 502 1290 certaminis
536 1228 676 1308 gymnici
711 1227 839 1289 solitum
874 1227 959 1288 aiunt
997 1227 1032 1288 iis
1062 1248 1143 1309 quos
1174 1229 1347 1291 exercebat

148 1334 310 1414 praecipere,
333 1355 374 1396 ne
396 1335 614 1410 irascerentur,
649 1335 694 1395 ira
709 1335 793 1396 enim
809 1332 974 1414 perturbat
989 1341 1090 1395 artem
1107 1341 1139 1395 et
1155 1354 1217 1415 qua
1233 1344 1346 1397 noceat

148 1447 247 1501 tantum
260 1441 401 1522 adspicit.
436 1461 532 1523 saepe
548 1442 653 1521 itaque
668 1440 748 1502 ratio
765 1440 948 1523 patientiam
964 1440 1086 1514 suadet,
1109 1440 1154 1502 ira
1169 1441 1347 1516 uindictam,
1364 1458 1387 1498 io

120 1545 134 1596 4
150 1551 176 1602 et
193 1546 236 1625 qui
255 1547 361 1629 primis
378 1546 506 1628 defungi
523 1546 612 1609 malis
627 1548 797 1629 potuimus,
820 1547 851 1607 in
867 1547 987 1608 maiora
1005 1544 1211 1609 deuoluimur.
1250 1566 1345 1629 quos·

149 1648 207 1710 dam
239 1653 324 1714 unius
360 1652 448 1715 uerbi
479 1652 670 1716 contumelia
699 1674 764 1714 non
794 1672 897 1733 aequo
928 1633 1034 1713 animo
1065 1651 1129 1714 lata
1159 1654 1189 1714 in
1219 1651 1347 1715 exilium

147 1754 260 1832 proiecit.
297 1768 330 1821 et
353 1760 406 1842 qui
428 1758 532 1822 leuem
555 1760 697 1821 iniuriam
720 1758 843 1821 silentio
859 1758 940 1820 serre
959 1757 1132 1832 noluerant,
1156 1759 1348 1840 grauissimis

147 1860 218 1922 malis
251 1864 354 1927 obruti
391 1876 477 1941 sunt,
515 1867 730 1947 indignatique
764 1864 880 1947 aliquid
918 1885 961 1925 ex
991 1863 1171 1945 plenissima
1201 1863 1347 1927 libertate

147 1964 260 2032 deminui
281 1972 393 2034 seruile
415 1972 446 2033 in
469 1992 539 2034 sese
562 1973 768 2034 adtraxerunt
789 1973 906 2051 iugum.
1361 1994 1386 2035 m

119 2080 130 2131 l
216 2075 282 2139 XV.
323 2078 369 2140 Vt
398 2079 491 2153 scias,
525 2079 635 2160 inquit,
667 2078 745 2139 iram
775 2077 894 2139 habere
924 2078 955 2139 in
985 2097 1021 2139 se
1048 2078 1193 2158 generosi
1224 2076 1349 2158 aliquid,

146 2173 237 2244 liberas
258 2184 330 2245 uide
352 2185 395 2246 sis
418 2194 546 2266 genteS,
569 2205 651 2266 quae
674 2184 928 2261 iracundissimae
951 2194 1032 2258 sunt,
1056 2192 1090 2246 ut
1114 2183 1292 2247 Germanos
1316 2192 1348 2246 et

145 2278 267 2362 Scythas.
312 2292 400 2373 quod
423 2293 543 2365 euenit,
566 2293 640 2373 quia
662 2290 754 2353 sortia
776 2290 940 2372 solidaque
963 2299 1074 2352 natura
1099 2292 1235 2371 ingenia,
1260 2298 1347 2353 ante·

96 2421 99 2425 ·
145 2408 221 2468 quam
249 2396 409 2478 disciplina
439 2396 632 2472 molliantur,
662 2417 763 2478 prona
792 2397 823 2458 in
854 2397 932 2458 iram
956 2405 1035 2459 sunt.
1081 2398 1238 2479 quaedam
1263 2397 1347 2459 enim

144 2513 197 2558 non
225 2502 279 2565 nisi
317 2502 496 2566 melioribus
534 2502 735 2599 innascuntur
771 2502 914 2583 ingeniiS,
961 2503 1040 2565 sicut
1078 2502 1181 2565 ualida
1219 2501 1347 2567 arbusta
1360 2524 1387 2566 ro

144 2598 210 2668 laeta
228 2611 370 2690 quamuis
393 2608 539 2690 neglecta
561 2608 652 2671 tellus
675 2617 777 2683 creat,
808 2622 839 2670 et
861 2608 925 2671 alta
947 2607 1071 2678 fecundi
1094 2609 1152 2671 soli
1174 2608 1252 2671 silua
1275 2618 1342 2672 est:

118 2704 228 2792 litaque
248 2724 280 2777 et
303 2716 428 2796 ingenia
451 2723 562 2777 natura
584 2714 676 2777 fortia
699 2715 892 2777 iracundiam
915 2715 1017 2777 serunt
1040 2714 1175 2796 nihilque
1199 2725 1292 2779 tenue
1313 2723 1345 2777 et

119 2816 209 2911 ⁴exile
235 2824 361 2904 capiunt
392 2823 484 2903 ignea
515 2831 547 2883 et
570 2822 702 2897 feruida,
732 2821 789 2883 sed
812 2820 1000 2902 inperfectus
1023 2821 1080 2884 illis
1104 2821 1194 2903 uigor
1217 2829 1279 2897 est,
1310 2831 1344 2885 ut

146 2925 279 3004 omnibus,
311 2948 393 3011 quae
422 2929 489 2990 sine
519 2938 587 2990 arte
618 2927 712 3009 ipsius
742 2935 867 2990 tantum
898 2936 1028 2990 naturae
1057 2927 1146 2990 bono
1177 2938 1345 3010 exurgunt,

147 3030 191 3090 sed
215 3035 266 3096 nisi
297 3036 360 3097 cito
391 3036 515 3097 domita
544 3043 629 3109 sunt,
660 3055 741 3115 quae
771 3033 943 3096 fortitudini
966 3043 1041 3115 apta
1063 3043 1165 3109 erant,
1195 3035 1346 3097 audaciae
1359 3056 1385 3096 m

121 3136 352 3223 ttemeritatique
390 3149 606 3203 consuescunt.
659 3140 756 3222 quid?
806 3161 870 3202 non
909 3140 1084 3202 mitioribus
1122 3142 1233 3203 animis
1273 3141 1346 3204 uitia

147 3235 240 3308 leniora
268 3248 434 3309 coniuncta
464 3255 551 3322 sunt,
582 3257 616 3309 ut
647 3248 861 3310 misericordia
890 3256 922 3310 et
953 3267 1045 3310 amor
1075 3257 1107 3310 et
1138 3248 1345 3310 uerecundia?

148 3341 229 3427 itaque
249 3374 344 3436 saepe
366 3353 422 3416 tibi
444 3354 565 3416 bonam
587 3352 728 3415 indolem
746 3352 835 3416 malis
851 3374 978 3436 quoque
994 3355 1056 3417 suis
1072 3355 1250 3416 ostendam.
1288 3354 1346 3416 sed

121 3452 197 3512 lnon
220 3460 287 3521 ideo
310 3460 385 3522 uitia
407 3481 473 3522 non
495 3468 576 3535 sunt,
603 3460 629 3520 si
656 3470 786 3523 naturae
809 3460 945 3524 melioris
969 3462 1082 3524 indicia
1104 3470 1183 3524 sunt.
1230 3461 1347 3523 deinde

149 3572 253 3625 omnes·
270 3567 349 3629 istae
378 3566 515 3643 feritat·
531 3565 647 3628 liberae
679 3576 791 3647 gentes
823 3566 951 3630 leonum
983 3566 1192 3650 luporumque
1222 3568 1281 3629 ritu
1309 3575 1343 3629 ut
1357 3587 1383 3626 ao

148 3667 239 3732 seruire
266 3692 330 3735 non
360 3681 507 3754 possunt,
537 3674 581 3735 ita
610 3693 670 3734 nec
699 3674 864 3755 imperare.
914 3694 978 3735 non
1009 3675 1091 3736 enim
1123 3672 1251 3736 humani
1281 3674 1345 3735 uim

149 3800 333 3822 χ*-

147 3883 277 3965 3causaque
295 3902 369 3967 (aque
387 3900 415 3953 tn
433 3902 503 3965 ros.)
605 3900 622 3952 5
647 3902 680 3950 ad
698 3902 746 3966 lete
765 3902 793 3969 (d
812 3905 895 3968 corr.)
943 3924 950 3943 ·
992 3902 1007 3954 7
1033 3902 1121 3953 feriant
1142 3900 1237 3956 Gertz:
1258 3902 1345 3952 {crium

169 4010 172 4015 ·
203 3984 285 4050 Phynu
388 3989 405 4042 8
424 3991 500 4040 solitu
519 3990 586 4038 aiunt
606 3989 635 4054 (fl
655 4007 669 4038 a
688 3989 716 4042 in
736 3992 803 4056 ras.)
912 3990 928 4041 o
947 3992 1048 4056 pturbat
1068 3992 1136 4056 (plur
1154 3994 1237 4055 corr.)

150 4059 177 4112 ll
190 4070 235 4122 uide
250 4079 280 4127 sis
297 4075 375 4132 Koch
394 4076 473 4144 (cont.
492 4076 532 4130 ad
548 4075 636 4130 Marc.
658 4080 699 4141 19,
720 4083 763 4136 tl:
784 4080 881 4130 uidebis
978 4080 1012 4133 lu
1030 4080 1110 4129 solida
1129 4096 1155 4145 q,
1174 4078 1211 4147 (q,
1230 4078 1258 4132 tn
1277 4094 1345 4144 ran)

174 4189 178 4201 ·
204 4167 275 4215 nature
293 4165 318 4234 (e
335 4168 421 4233 corr.)
504 4168 537 4219 ‘21
558 4167 622 4216 laeta
643 4164 738 4220 Gertz:
759 4182 783 4217 et
801 4170 866 4218 laeta
955 4169 985 4222 21
1008 4168 1118 4219 neclecta
1137 4169 1161 4231 (c
1180 4167 1207 4219 ἐπ
1226 4184 1243 4231 g
1261 4172 1346 4233 corr.)

205 4247 245 4300 alta
261 4251 389 4324 Madvig:
415 4256 465 4319 alia
573 4256 608 4307 ‘t'u
627 4255 682 4324 sed]
706 4263 730 4306 et
756 4254 837 4310 Gertz
944 4259 979 4310 ‘td
997 4258 1159 4321 temeritatiq3
1186 4264 1345 4308 consuescunt

149 4325 245 4402 l‘filillffl
264 4359 309 4393 con
327 4345 354 4396 in
374 4346 441 4408 ras.)
535 4342 570 4396 30
589 4346 650 4394 istae
669 4344 755 4398 ceteri
761 4364 768 4394 z
788 4348 858 4396 istinc
879 4346 930 4411 (inc
948 4348 1032 4411 corr.)
1124 4346 1200 4395 liherc
1218 4345 1243 4407 (e
1262 4350 1345 4406 corn)

206 4420 232 4476 31
248 4437 271 4481 ui
289 4433 309 4498 (i
328 4434 402 4499 corr.)

1096 4522 1133 4571 h*
