3046 5092
362 307 504 352 umnxn.
533 307 574 347 nu
589 307 742 349 Ponvarvn
758 309 799 349 ne
813 307 1056 354 CONSOLATIONE.
1086 312 1119 353 rs.
1286 316 1346 376 291

88 452 301 526 2circumda,
333 474 373 514 ne
404 474 446 514 ex
478 453 539 514 ulla
569 453 612 514 tui
640 463 731 535 parte
758 455 895 516 inueniat
918 456 1079 516 introitum
1103 455 1203 518 dolor.
1250 455 1351 518 fratris

125 579 252 640 quoque
275 560 319 619 tui
334 562 457 640 produc
473 561 660 620 memoriam
678 559 781 640 aliquo
797 560 984 641 scriptorum
1002 562 1199 624 monimento
1216 573 1351 624 tuorum.

125 665 188 726 hoc
219 667 301 726 enim
335 686 430 726 unum
455 675 503 727 est
527 686 567 726 ex
589 667 683 728 rebus
706 666 850 728 humanis
873 689 969 749 opus,
1001 669 1049 730 cui
1072 667 1155 729 nulla
1178 678 1352 750 tempestas

125 780 254 846 noceat,
293 774 381 853 quod
419 771 503 833 nulla
542 782 709 834 consumat
740 783 887 835 uetustas
942 783 1047 836 cetera
1077 795 1159 855 quae
1190 796 1246 856 per
1277 795 1350 837 con-

125 880 330 940 structionem
355 877 494 961 lapidum
519 889 551 941 et
575 900 769 941 marmoreas
793 880 894 942 moles
917 890 972 943 aut
995 891 1137 942 terrenos
1161 882 1298 943 tumulos
1322 882 1379 943 inu

127 1004 277 1064 magnam
317 986 449 1046 eductos
486 985 681 1047 altitudinem
714 995 877 1062 constant,
915 1008 980 1048 non
1011 999 1191 1070 propagant
1223 988 1353 1069 longam

127 1094 227 1165 diem,
259 1092 375 1174 quippe
406 1101 438 1153 et
469 1093 536 1174 ipsa
566 1093 740 1154 intereunt:
775 1094 950 1156 inmortalis
983 1104 1030 1157 est
1054 1096 1168 1174 ingenii
1192 1095 1352 1157 memoria

127 1198 208 1260 hanc
231 1208 264 1260 tu
288 1197 373 1260 tratri
398 1209 452 1260 tuo
477 1199 599 1278 largire,
623 1201 653 1260 in
676 1199 737 1261 hac
758 1221 830 1260 eum
853 1200 991 1262 conloca.
1033 1200 1141 1263 melius
1159 1201 1243 1262 illum
1261 1202 1352 1263 dura-

90 1321 106 1371 3
127 1316 197 1366 turo
221 1326 346 1387 semper
370 1306 569 1367 consecrabis
592 1307 718 1386 ingenio
742 1329 837 1389 quam
861 1309 953 1369 inrito
971 1308 1082 1369 dolore
1097 1308 1219 1388 lugebis
1267 1308 1353 1390 quod

127 1414 167 1472 ad
192 1413 293 1493 ipsam
316 1412 474 1473 fortunam
499 1415 649 1494 pertinet,
682 1417 804 1476 etiamsi
828 1435 910 1475 nunc
933 1415 984 1494 agi
1007 1417 1091 1497 apud
1115 1425 1147 1476 te
1171 1435 1264 1477 causa
1288 1419 1353 1477 eius
1369 1427 1393 1467 1⁰

127 1539 191 1579 non
222 1527 345 1601 potest,
377 1520 484 1580 omnia
515 1521 597 1581 enirn
629 1519 695 1594 illa,
727 1542 808 1601 quae
838 1521 929 1582 nobis
954 1522 1058 1596 dedit,
1090 1522 1133 1583 ob
1157 1522 1219 1584 hoc
1242 1523 1353 1603 ipsum,

128 1628 215 1706 quod
248 1625 361 1707 aliquid
393 1627 518 1707 eripuit,
550 1627 648 1688 inuisa
671 1637 759 1701 sunt,
797 1637 870 1689 tunc
898 1637 1006 1690 tamen
1030 1630 1087 1690 erit
1111 1629 1250 1708 agenda,
1281 1644 1354 1691 cum

127 1733 264 1814 primum
296 1734 477 1813 aequiorem
501 1742 533 1794 te
557 1732 597 1794 illi
621 1733 755 1795 iudicem
780 1735 846 1795 dies
869 1734 984 1797 lecerit.
1031 1744 1105 1796 tunc
1128 1736 1211 1796 enim
1235 1737 1354 1816 poteris

128 1841 158 1900 in
190 1841 323 1919 gratiam
355 1859 427 1900 cum
460 1838 511 1901 illa
542 1841 650 1902 redire.
706 1862 780 1902 narn
815 1841 913 1903 multa
943 1843 1242 1923 prouidiequibus
1273 1841 1355 1904 hanc

128 1948 313 2008 emendaret
336 1948 485 2009 iniuriam.
525 1947 624 2008 multa
641 1948 819 2009 etiamnunc
835 1950 932 2023 dabit,
956 1950 1069 2029 quibus
1085 1951 1227 2010 redimat.
1267 1949 1353 2010 deni·
1370 1960 1395 1999 ¹⁵

93 2065 109 2116 4
129 2074 191 2134 que
214 2054 315 2133 ipsum
340 2054 410 2128 hoc,
434 2054 520 2136 quod
545 2054 682 2129 abstulit,
706 2055 774 2135 ipsa
798 2055 929 2116 dederat
953 2056 1016 2127 tibi.
1063 2056 1124 2116 noli
1145 2076 1223 2135 ergo
1245 2065 1356 2117 contra

128 2171 160 2221 te
191 2160 315 2239 ingenio
347 2163 392 2223 uti
422 2171 494 2236 tue,
527 2161 590 2222 noli
620 2163 732 2223 adesse
764 2162 866 2225 dolori
896 2173 960 2224 tuo
1007 2172 1116 2243 potest
1138 2164 1266 2242 quidem
1291 2161 1354 2224 elo-

128 2269 254 2348 quentia
277 2276 339 2343 tua,
363 2289 445 2349 quae
467 2288 566 2349 parua
588 2277 669 2342 sunt,
693 2270 872 2350 adprobare
888 2291 946 2350 pro
964 2271 1095 2350 magnis
1119 2290 1223 2331 rursus
1240 2289 1357 2349 magna
1408 2249 1419 2261 ⁸

128 2375 300 2435 adtenuare
331 2386 363 2436 et
394 2375 434 2435 ad
466 2376 595 2436 minima
626 2377 791 2437 deducere.
853 2378 910 2437 sed
942 2376 1002 2437 alio
1034 2377 1108 2438 istas
1140 2378 1219 2437 uires
1250 2384 1356 2438 seruet

128 2502 207 2555 suas,
232 2502 314 2543 nunc
336 2490 406 2544 tota
429 2504 463 2544 se
487 2484 516 2543 in
542 2482 691 2544 solacium
716 2494 805 2545 tuum
830 2484 978 2545 conferat.
1024 2479 1212 2545 sed'tamen
1229 2483 1355 2565 dispice,
1369 2489 1395 2529 ²⁰

129 2609 168 2648 ne
191 2588 253 2649 hoc
276 2591 338 2650 iam
363 2611 489 2670 quoque
513 2591 613 2672 ipsum
638 2591 678 2651 sit
701 2611 937 2670 superuacuum.
985 2590 1101 2671 aliquid
1126 2590 1213 2678 enim¹
1229 2610 1248 2650 a
1264 2588 1356 2650 nobis

93 2705 238 2758 anatura
269 2697 384 2776 exigit,
416 2696 484 2777 plus
513 2701 651 2758 uanitate
675 2696 877 2760 contrahitur.
923 2717 1096 2776 numquam
1121 2705 1227 2757 autem
1252 2716 1314 2776 ego
1338 2679 1379 2756 a¹

129 2812 174 2875 te,
198 2823 237 2862 ne
262 2823 304 2863 ex
327 2812 398 2865 toto
424 2825 574 2877 maereas,
599 2805 735 2884 exigam.
782 2812 813 2864 et
837 2804 901 2865 scio
925 2805 1052 2865 inueniri
1076 2804 1234 2883 quosdam
1259 2805 1356 2864 durae

130 2911 230 2988 magis
262 2931 356 2989 quarn
388 2910 477 2973 fortis
507 2913 692 2992 prudentiae
723 2912 821 2984 uiros
854 2912 906 2991 qui
938 2918 1055 2990 negent
1087 2910 1256 2971 doliturum
1287 2929 1356 2970 esse

129 3017 324 3095 sapientem:
358 3016 390 3077 hi
418 3038 481 3078 non
506 3020 651 3079 uidentur
675 3019 748 3079 mihi
772 3038 923 3098 umquam
947 3019 976 3078 in
1001 3018 1156 3077 eiusmodi
1179 3037 1287 3077 casum
1311 3015 1355 3076 in·
1371 3023 1397 3064 ²⁵

129 3122 249 3183 cidisse.
297 3123 412 3205 alioqui
436 3126 626 3186 excussisset
648 3125 705 3186 illis
731 3123 854 3185 tortuna
874 3124 1044 3204 superbam
1066 3124 1250 3204 sapientiam
1269 3131 1300 3183 et
1317 3122 1358 3183 ad

94 3229 360 3292 uconfessionem
384 3252 440 3293 eos
464 3253 572 3293 ueram
596 3234 692 3293 etiarn
708 3233 822 3294 inuitos
839 3229 1037 3312 conpulisset.
1077 3229 1359 3312 satis-praestiterit

132 3410 344 3419 —..—

134 3533 142 3581 t
173 3549 201 3580 ex
220 3533 262 3580 illa
283 3530 309 3584 B
399 3532 414 3582 2
439 3533 591 3581 monimento
611 3533 634 3584 A
659 3535 811 3582 munimento
834 3530 885 3584 DE
907 3543 1066 3581 monumento
1090 3529 1112 3582 B
1202 3529 1218 3582 3
1239 3547 1268 3579 ex
1287 3531 1360 3579 rebus

131 3621 245 3668 humanis
264 3618 379 3689 Madtrr‘q
405 3623 476 3670 rebus
495 3622 609 3671 humanis
628 3621 711 3690 rrulpo
819 3621 835 3674 4
862 3623 1053 3670 constructiones
1072 3617 1148 3680 rnalit
1169 3615 1251 3671 Gertz

132 3709 147 3760 tl
168 3710 266 3758 eductos
285 3709 381 3762 ontittz't
400 3708 428 3762 E
515 3710 531 3760 a
551 3712 646 3760 duratio
664 3709 687 3762 B
778 3710 794 3763 9
813 3712 885 3760 inrito
906 3710 1002 3762 omittit
1019 3710 1043 3761 Α
1063 3709 1100 3776 (ru
1119 3709 1243 3778 marpine
1261 3705 1361 3760 (adiecit

133 3813 166 3850 m.
182 3797 207 3864 2)
296 3800 325 3851 ll
346 3799 457 3852 uobisB
550 3797 581 3850 ll
600 3800 690 3849 multos
703 3798 757 3852 DE
848 3799 878 3851 15
898 3797 1087 3850 millietiamB
1179 3794 1364 3849 iturinolili

225 3886 256 3938 19
276 3889 333 3937 istas
355 3886 437 3940 Gertz
456 3891 502 3938 ista
522 3887 605 3957 uttho
695 3889 729 3941 20
748 3906 811 3938 nunc
831 3895 881 3938 tota
900 3905 925 3937 se
944 3889 967 3937 in
987 3888 1107 3937 solacium
1122 3884 1163 3938 E²
1183 3903 1245 3935 nunc
1267 3894 1318 3934 tota
1338 3887 1361 3933 in

132 3976 246 4025 solatium
266 3976 292 4028 B
315 3994 378 4026 nunc
398 3986 449 4026 tota
469 3980 492 4027 in
512 3979 626 4027 solatium
645 3995 671 4027 se
693 3975 745 4029 DE
826 3979 869 4027 sed
889 3984 971 4026 tamen
990 3976 1014 4028 Α
1033 3985 1056 4026 et
1075 3984 1156 4024 tamen
1180 3973 1257 4027 ΒΩΕ

132 4067 231 4130 despice
253 4064 330 4119 BDE
419 4068 449 4119 21
472 4085 486 4115 a
506 4075 591 4115 natura
611 4069 714 4131 exigitur
727 4064 780 4119 DE
869 4065 901 4116 26
922 4066 1029 4129 alioquin
1049 4065 1154 4113 excussis
1173 4064 1220 4112 illis
1240 4064 1361 4110 fortunam

133 4159 156 4204 in
182 4158 313 4220 superbam
338 4159 483 4222 sapientiam
507 4156 530 4209 B
554 4158 663 4222 alioquin
689 4166 729 4205 aut
754 4162 849 4204 excuset
874 4163 913 4204 aut
933 4155 1056 4203 fortunam
1074 4154 1179 4217 superba
1197 4152 1319 4215 sapientia
1339 4149 1363 4203 D

134 4246 243 4309 alioquin
263 4256 302 4295 aut
322 4254 430 4295 excusset
449 4248 571 4295 fortunam
591 4247 696 4310 superba
715 4246 835 4310 sapientia
855 4242 882 4297 E
993 4242 1027 4294 27
1053 4244 1128 4292 etiam
1154 4243 1241 4290 inuitos
1261 4256 1363 4304 eompu-

131 4335 240 4385 lissetA
266 4337 340 4384 etiarn
367 4352 408 4384 eos
435 4338 523 4385 inuitos
549 4337 706 4400 compulisset
730 4333 752 4386 B
777 4335 955 4383 consessionem
981 4349 1065 4382 ueram
1090 4332 1164 4379 etiam
1191 4347 1233 4379 eos
1252 4329 1362 4393 complat

134 4424 222 4471 inuitos
243 4421 267 4475 l)
287 4426 468 4474 consessionem
487 4441 570 4473 ueram
591 4426 665 4474 etiam
684 4441 727 4474 eos
746 4424 878 4488 compellat
898 4423 989 4471 inuitos
1008 4418 1035 4472 Ε

1098 4506 1153 4560 19*
