3060 5078
296 317 376 360 DillL.
387 316 436 361 VII.
464 317 505 357 AD
520 317 698 360 GALLIONEM
713 300 758 358 ΒΕ·
767 319 838 362 VITA
853 320 959 399 BEA'fA.
989 324 1019 364 ll.
1038 323 1069 364 12.
1238 329 1299 389 165

34 450 49 461 ”
69 474 222 528 terrarum
254 485 291 526 ac
322 463 432 538 maris,
467 471 500 525 ut
531 463 580 524 isti
610 475 742 539 uocant,
774 468 860 552 bona
891 469 1115 548 concoquentis
1147 476 1178 529 et
1206 489 1300 550 super

70 592 213 635 mensam
230 570 485 652 recognoscentis
502 573 642 633 omnium
660 575 802 651 gentium
820 573 971 636 animalia.
1003 576 1076 636 uide
1091 574 1151 636 hos
1167 576 1299 636 eosdem
1343 639 1351 650 ,

70 699 88 741 e
121 687 271 759 suggestu
302 697 394 739 rosae
423 678 594 758 spectantis
620 680 775 759 'popinam
806 701 911 754 suam,
943 701 1033 742 aures
1065 701 1178 742 uocum
1209 701 1299 757 sono,

68 785 256 868 spectaculis
279 782 404 858 ocuIOS,
435 784 601 864 saporibus
624 785 764 866 palatum
788 807 879 848 suum
903 786 1105 849 delectantes.
1152 788 1298 850 mollibus

68 892 252 972 lenibusque
282 891 428 952 fomentis
460 899 564 953 totum
596 891 758 954 lacessitur
790 914 899 954 eorum
932 913 1046 974 corpus
1078 903 1110 955 et
1141 915 1179 954 ne
1207 914 1325 956 naresa

68 999 192 1061 interim
217 1005 348 1073 cessent,
372 997 522 1060 odoribus
546 999 636 1060 uariis
661 998 792 1061 inficitur
814 998 902 1062 locus
926 1001 999 1081 ipse,
1024 1001 1054 1061 in
1078 1021 1141 1081 quo
1159 1000 1299 1063 luxuriae

68 1112 270 1189 parentatur:
304 1103 363 1166 hos
394 1124 463 1165 esse
491 1107 522 1166 in
546 1105 761 1187 uoluptatibus
787 1107 880 1168 dices
927 1127 985 1168 nec
1008 1115 1115 1169 tamen
1138 1105 1194 1169 illis
1217 1106 1300 1169 bene

68 1213 136 1288 erit,
159 1214 233 1292 quia
256 1233 320 1273 non
343 1211 431 1273 bono
456 1212 606 1293 gaudent.
792 1214 793 1218 ’

29 1337 46 1390 1
157 1319 226 1382 XIL
273 1316 375 1393 Male,
403 1318 517 1398 inquit,
549 1316 607 1380 illis
640 1319 713 1393 erit,
745 1320 818 1399 quia
841 1320 941 1381 multa
963 1322 1186 1395 interuenient,
1217 1342 1298 1402 quae

67 1425 255 1509 perturbent
292 1426 449 1499 animum,
488 1434 519 1486 et
559 1425 722 1506 opiniones
761 1425 840 1487 inter
878 1447 913 1488 se
951 1428 1126 1492 contrariae
1158 1437 1298 1489 mentem
1318 1447 1339 1485 u

67 1533 295 1615 inquietabunt.
346 1533 433 1613 quod
470 1532 513 1592 ita
548 1552 616 1592 esse
652 1533 804 1594 concedo
855 1534 912 1594 sed
940 1519 1141 1595 nihilominus
1172 1533 1211 1595 illi
1243 1534 1300 1615 ipsi

67 1640 155 1702 stulti
178 1647 212 1701 et
232 1637 411 1719 inaequales
435 1647 467 1700 et
491 1639 549 1699 sub
566 1638 628 1699 ictu
645 1638 853 1720 paenitentiae
869 1640 963 1720 positi
980 1658 1111 1718 magnas
1127 1641 1300 1720 percipient

67 1746 258 1828 uoluptates
281 1755 316 1808 ut
339 1743 502 1806 fatendum
526 1745 565 1805 sit
589 1754 655 1806 tam
679 1743 774 1824 longe
798 1754 865 1806 tum
889 1744 958 1806 illos
982 1745 1023 1807 ab
1047 1750 1134 1808 omni
1155 1745 1299 1808 molestia

67 1855 182 1916 abesse
204 1872 300 1934 quam
324 1873 343 1913 a
365 1851 452 1913 bona
475 1861 600 1925 mente,
629 1860 661 1913 et
684 1853 771 1932 quod
795 1852 951 1932 plerisque
975 1854 1144 1933 contingit,
1168 1853 1298 1915 hilarem

27 1980 46 2030 2
66 1961 219 2022 insaniam
235 1959 369 2020 insanire
384 1978 421 2020 ac
436 1979 494 2040 per
510 1960 605 2020 risum
621 1957 731 2020 furere.
771 1968 803 2020 at
820 1968 931 2019 contra
946 1960 1132 2039 sapientium
1150 1963 1299 2022 remissae
1316 1980 1339 2019 n

66 2066 248 2149 uoluptates
277 2073 309 2126 et
332 2066 498 2127 modestae
521 2084 559 2126 ac
581 2084 682 2145 paene
705 2063 873 2144 languidae
896 2075 968 2127 sunt
992 2085 1244 2147 conpressaeque
1267 2074 1300 2127 et

66 2174 124 2234 uix
147 2170 316 2246 notabiles,
340 2180 374 2232 ut
397 2192 479 2252 quae
502 2191 604 2251 neque
628 2172 799 2232 accersitae
823 2172 949 2233 ueniant
971 2192 1045 2246 nec,
1077 2174 1219 2253 quamuis
1243 2194 1300 2254 per

66 2300 103 2342 se
135 2278 337 2353 accesserint,
375 2278 406 2339 in
436 2277 558 2339 honore
591 2278 652 2339 sint
682 2298 785 2358 neque
817 2277 880 2339 ullo
913 2279 1030 2358 gaudio
1062 2280 1298 2360 percipientium

48 2370 233 2466 ¹exceptae.
273 2387 405 2447 miscent
429 2385 511 2446 enim
535 2383 602 2446 illas
625 2393 657 2445 et
680 2385 883 2466 interponunt
905 2385 988 2446 uitae
1005 2394 1038 2446 ut
1054 2384 1164 2447 ludum
1181 2386 1298 2447 iocum-

33 2512 132 2574 3que
163 2493 243 2554 inter
273 2492 361 2553 seria.
407 2490 553 2553 desinant
584 2511 661 2572 ergo
693 2492 943 2553 inconuenientia
973 2492 1101 2572 iungere
1132 2501 1163 2553 et
1195 2493 1299 2553 uirtuti
1314 2511 1340 2550 ‘20

69 2598 266 2682 uoluptatem
293 2597 447 2679 inplicare,
470 2618 527 2679 per
542 2599 630 2678 quod
647 2598 755 2659 uitium
772 2598 915 2678 pessimis
931 2598 1107 2678 quibusque
1124 2597 1298 2662 adulantur.

71 2705 120 2767 ille
146 2703 265 2767 effusus
288 2706 319 2766 in
342 2703 538 2785 uoluptates,
571 2704 784 2766 ructabundus
809 2725 935 2786 semper
959 2714 1052 2785 atque
1076 2705 1195 2779 ebriuS,
1227 2706 1300 2786 quia

74 2813 129 2875 scit
160 2832 194 2873 se
226 2832 296 2875 cum
321 2811 484 2894 uoluptate
508 2812 629 2885 uiuere,
661 2812 760 2873 credit
784 2821 910 2874 etcum
935 2812 1058 2874 uirtute.
1105 2812 1192 2873 audit
1215 2813 1297 2873 enim

77 2920 269 3002 uoluptatem
292 2920 429 3000 separari
453 2938 472 2979 a
496 2920 609 2980 uirtute
633 2939 697 2979 non
721 2939 824 3000 posse.
864 2919 979 2980 deinde
1003 2919 1082 2980 uitiis
1099 2919 1160 2979 suis
1176 2919 1298 2999 sapien-

52 3025 148 3088 ltiam
179 3025 317 3088 inscribit
348 3035 380 3087 et
410 3024 637 3086 abscondenda
659 3024 832 3106 profitetur.
879 3026 984 3106 itaque
1007 3038 1071 3086 non
1095 3025 1136 3085 ab
1160 3024 1339 3105 Epicuron

81 3129 181 3213 inpulsi
204 3131 407 3206 luxuriantur,
431 3133 489 3193 sed
513 3131 593 3193 uitiis
616 3130 714 3193 dediti
737 3131 893 3192 luxuriam
917 3152 1005 3192 suam
1029 3132 1059 3192 in
1083 3130 1300 3213 philosophiae

79 3236 140 3301 sinu
162 3239 363 3302 abscondunt
386 3246 418 3300 et
440 3259 480 3299 eo
504 3245 702 3312 concurrunt,
726 3237 778 3299 ubi
801 3238 929 3299 audiant
952 3237 1071 3300 laudari
1094 3236 1300 3318 uoluptatem.

77 3360 132 3407 nec
153 3347 334 3420 aestimant,
358 3345 505 3427 uoluptas
528 3344 579 3406 illa
602 3344 743 3425 Epicuri,
776 3346 820 3406 ita
843 3345 925 3406 enim
951 3365 1002 3406 me
1025 3344 1167 3406 hercules
1190 3345 1300 3419 senti0,

72 3466 167 3527 quam
190 3452 296 3514 sobria
319 3471 356 3514 ac
378 3453 460 3514 sicca
483 3432 530 3526 sit,
554 3452 612 3512 sed
636 3452 677 3512 ad
694 3471 811 3520 nomen
827 3451 929 3532 ipsum
946 3448 1098 3512 aduolant
1113 3461 1300 3531 quaerentes

66 3686 82 3738 l
119 3704 294 3764 concoquentes
318 3697 378 3752 eod.
403 3699 567 3763 conquirentis
592 3697 675 3768 sculpo
819 3699 834 3750 3
864 3715 877 3746 e
902 3682 1015 3761 suggestu
1041 3713 1111 3746 rosae
1138 3694 1299 3766 Gronom‘u5‚

57 3789 204 3840 spectantis
227 3785 356 3841 Fickert:
386 3801 554 3838 7suecessuros
580 3787 730 3851 expectantis
750 3787 775 3852 (⁷
796 3785 903 3849 iuras.)
1013 3784 1028 3836 7
1053 3787 1100 3834 hos
1125 3803 1176 3834 esse
1195 3783 1297 3853 Neela:

55 3860 127 3923 hoc
143 3892 193 3926 esse
295 3874 311 3927 9
336 3877 494 3926 interuenient
516 3872 614 3929 Gertz:
636 3876 815 3924 interueniunt
915 3876 946 3925 lt
972 3874 1145 3924 nichilominus
1165 3872 1253 3939 (minus
1273 3872 1300 3924 in

38 4012 141 4082 'rael
233 4018 266 4070 12
289 4018 420 4082 penitentie
513 4017 545 4070 13
571 4018 668 4081 longer
764 4012 792 4068 15
818 3978 1006 4067 insanialsanlre
1096 4016 1194 4064 remisse

42 4088 114 4183 '¹ss
136 4117 299 4171 compresseq3
424 4106 456 4159 17
482 4112 555 4171 utque
668 4107 783 4169 arcersite
906 4103 937 4157 18
962 4106 1108 4154 accesserint
1133 4102 1297 4155 deteriores:

55 4191 221 4245 aecerserint
244 4211 328 4260 neq;n
438 4193 471 4247 19
495 4197 631 4261 iocun1q2*
757 4196 786 4246 ‘21
816 4195 953 4258 quibrrsq34r
1078 4192 1112 4244 ‘22
1138 4193 1300 4240 ructabundus

25 4394 32 4403 ,
57 4316 198 4445 &ptiust
225 4340 392 4405 ruptabundus
412 4337 438 4405 (u
451 4353 499 4407 pr.
520 4337 546 4388 itt
566 4338 633 4402 ras.)
725 4336 758 4389 23
783 4353 808 4386 se
827 4343 860 4387 et'l
887 4334 922 4403 (iri
943 4335 1009 4401 ras.)
1101 4333 1136 4386 24
1155 4291 1211 4382 uitis

63 4417 113 4475 κδ
130 4427 241 4476 estimant
