3046 5092
172 342 232 402 128
306 356 308 360 >
388 336 518 378 IIIAL.VI.
547 337 589 376 AD
604 336 745 376 MARCIAM
762 337 801 376 DE
816 337 1060 380 CONSULATIONE.
1091 340 1179 380 aaa.

80 567 81 571 Ἰ
169 475 236 546 tam
268 484 351 545 uiros
381 502 475 563 quam
500 481 627 544 feminas
650 490 727 544 uret.
773 482 887 544 ferrum
911 485 941 544 in
965 484 1051 546 omni
1075 504 1208 566 corpore
1232 484 1402 548 exhibebit

168 592 296 652 secandi
327 590 510 672 potentiam.
557 594 674 670 quare?
713 591 785 671 quia
816 590 897 652 uires
928 590 983 652 illis
1007 612 1026 652 a
1049 600 1160 654 natura
1190 593 1287 654 datae
1318 603 1400 668 sunt,

171 717 251 779 quae
275 697 349 759 nihil
371 698 401 759 in
418 716 586 779 personam
604 698 769 760 constituit.
801 706 1028 780 paupertatem,
1045 697 1172 774 luctum,
1188 700 1400 761 ambitionem

168 803 243 866 alius
274 803 363 866 aliter
395 804 505 878 sentit,
535 813 629 885 prout
661 803 745 865 illum
777 805 974 867 consuetudo
1004 804 1116 867 Infecit.
1162 815 1194 868 et
1217 804 1399 868 inbecillum

140 911 434 993 sinpatientemque
464 911 569 972 reddit
599 919 803 992 praesumpta
834 912 939 992 opinio
971 912 1012 973 de
1042 933 1106 974 non
1137 913 1285 975 timendis
1310 914 1398 975 terri-

169 1016 290 1080 bilibus.
833 1090 836 1095 ι

256 1124 340 1186 VIII.
380 1125 503 1186 Deinde
527 1124 613 1204 quod
630 1124 771 1186 naturale
786 1134 841 1204 est,
866 1144 929 1186 non
945 1124 1098 1187 decrescit
1114 1145 1222 1187 mora:
1249 1125 1397 1189 dolorem
1419 1135 1425 1185 1

168 1232 234 1292 dies
257 1231 352 1312 longa
376 1231 539 1293 consumit.
586 1230 655 1292 licet
679 1232 1006 1307 contumacissimum,
1038 1233 1152 1294 cotidie
1180 1233 1397 1313 insurgentem

168 1348 199 1400 et
238 1347 349 1400 contra
387 1339 527 1407 remedia
564 1338 838 1413 efferuescentem,
876 1348 982 1401 tamen
1022 1338 1106 1401 illum
1146 1337 1396 1401 efficacissimum

131 1461 152 1500 u
168 1445 361 1524 mitigandae
382 1444 517 1507 ferociae
541 1454 666 1527 tempus
690 1456 827 1508 eneruat.
874 1456 982 1508 manet
1005 1447 1134 1526 quidem
1163 1447 1235 1522 tibi,
1268 1447 1425 1523 Marcia?

168 1553 263 1614 etiam
287 1572 369 1613 nunc
392 1552 502 1632 ingens
525 1553 648 1615 tristitia
672 1561 703 1613 et
727 1553 789 1614 iam
813 1553 936 1614 uidetur
960 1554 1087 1615 duxisse
1111 1553 1233 1628 callum,
1258 1574 1324 1615 non
1347 1553 1398 1614 illa

167 1660 332 1734 concitata,
356 1657 454 1740 qualis
477 1659 563 1721 initio
587 1643 651 1733 suit,
674 1660 732 1719 sed
755 1659 900 1740 pertinax
924 1664 957 1722 e't
980 1661 1156 1722 obstinata:
1182 1670 1292 1722 tamen
1316 1659 1398 1723 hanc

166 1788 293 1848 quoque
316 1767 372 1828 tibi
397 1775 484 1828 aetas
508 1766 684 1828 minutatim
706 1767 833 1828 eximet.
872 1768 1017 1847 quotiens
1039 1765 1122 1830 aliud
1139 1770 1249 1848 egeris,
1274 1769 1398 1830 animus

166 1856 366 1936 relaxabitur.
406 1894 488 1934 nunc
511 1881 543 1934 te
567 1873 634 1953 ipsa
658 1874 803 1935 custodis.
842 1871 976 1935 multum
999 1882 1105 1935 autem
1128 1875 1266 1949 interest,
1289 1880 1428 1936 utrum3

130 1995 152 2033 ¹⁵
167 1980 222 2042 tibi
260 1981 424 2062 permittas
462 1999 603 2041 maerere
641 2000 680 2040 an
716 1983 847 2060 inperes
893 1989 1013 2061 quanto
1043 1981 1144 2062 magis
1175 1981 1237 2042 hoc
1269 2001 1397 2043 morum

114 2080 128 2102 ⁰
167 2096 293 2149 tuorum
333 2087 507 2167 elegantiae
545 2088 707 2161 conuenit,
745 2087 839 2149 finem
878 2087 978 2149 luctus
1016 2089 1120 2168 potius
1157 2087 1267 2150 facere·
1299 2109 1397 2170 quam

168 2201 354 2275 expectare,
385 2214 443 2255 nec
474 2192 560 2255 illum
584 2194 720 2275 opperiri
743 2194 844 2269 dlem,
874 2214 938 2275 quo
962 2204 995 2256 te
1018 2194 1112 2256 inuita
1136 2193 1229 2257 dolor
1251 2196 1397 2257 desInat?

168 2302 235 2383 ipsa
257 2299 297 2362 illi
320 2303 469 2362 renuntia.

257 2408 310 2470 IX.
351 2408 447 2469 Vnde
475 2427 553 2487 ergo
576 2417 663 2470 tanta
686 2407 778 2491 nobis
800 2409 969 2489 pertinacia
991 2409 1020 2469 in
1045 2409 1264 2489 deploratione
1288 2409 1398 2485 nostri,
1418 2414 1428 2464 1

129 2530 154 2570 20
168 2515 193 2576 si
224 2515 255 2576 id
286 2536 351 2576 non
381 2515 417 2577 fit
447 2524 577 2594 naturae
607 2516 710 2577 iussu?
749 2515 837 2595 quod
868 2514 941 2576 nihil
972 2516 1064 2577 nobis
1102 2514 1189 2590 mali,
1226 2524 1400 2597 antequam

168 2622 299 2697 eueniat,
322 2624 544 2704 proponimuS‚
575 2623 630 2685 sed
654 2631 689 2684 ut
713 2623 855 2684 inmunes
879 2622 935 2703 ipsi
959 2631 992 2684 et
1016 2622 1080 2684 aliis
1103 2622 1244 2704 pacatius
1268 2623 1401 2704 ingressi

167 2731 225 2792 iter
263 2729 369 2791 alienis
408 2750 471 2790 non
511 2730 721 2791 admonemur
751 2730 874 2790 casibus
906 2728 974 2790 illos
1005 2749 1074 2790 esse
1105 2750 1301 2793 communes.
1350 2734 1431 2792 tot?

168 2845 292 2918 praeter
323 2836 456 2898 domum
479 2846 622 2898 nostram
646 2837 802 2898 ducuntur
824 2836 996 2916 exequiae:
1031 2837 1072 2897 de
1095 2845 1198 2898 morte
1221 2857 1288 2898 non
1312 2838 1398 2918 cogi·

168 2953 279 3005 tamus,
327 2953 377 3006 tot
404 2944 519 3005 acerba
546 2943 672 3006 funera:
705 2964 765 3005 nos
788 2954 899 3023 togam
923 2953 1103 3004 nostrorum
1128 2943 1308 3019 infantium,
1342 2965 1401 3006 nos

128 3063 154 3103 15
171 3049 309 3111 militiam
334 3059 366 3112 et
389 3061 539 3130 paternae
562 3049 744 3112 hereditatis
767 3051 998 3111 successionem
1023 3051 1180 3130 agitamus
1196 3052 1312 3122 animo
1352 3061 1401 3114 tot

118 3203 121 3209 .
169 3156 299 3218 diuitum
332 3156 635 3239 subita.paupertas
665 3158 695 3218 in
726 3157 835 3219 oculos
866 3157 972 3218 incidit
1000 3167 1031 3219 et
1046 3157 1146 3219 'nobis
1170 3177 1347 3239 numquam
1370 3159 1401 3220 in

169 3272 310 3326 mentem
350 3266 434 3326 uenit
471 3275 595 3326 nostras
633 3285 760 3346 quoque
799 3284 876 3345 opes
912 3264 1072 3345 aequeain
1104 3263 1224 3326 lubrico
1256 3265 1398 3346 positas:

170 3489 231 3546 app.
258 3477 306 3541 24,
336 3479 363 3527 11
398 3477 478 3525 omnis
508 3477 601 3525 ordinis
630 3476 743 3526 homines
774 3481 916 3541 suggerent,
947 3478 1028 3525 omnis
1055 3477 1178 3538 fortunae,
1206 3477 1287 3526 omnis
1313 3479 1402 3528 aetatis

268 3565 350 3618 ainis
372 3562 469 3619 Gertz:
491 3566 526 3614 illi
623 3566 733 3618 3niclril
824 3566 986 3615 ambiti0nem
1005 3564 1304 3634 aernmessettaqai13
1327 3568 1402 3617 orba·

173 3657 264 3709 tionem
291 3651 439 3708 Pincianus
467 3655 624 3705 amissionem
653 3653 734 3708 Gertz
765 3656 950 3705 damnationem
975 3651 1106 3723 Madaip;
1139 3651 1317 3708 scribendam
1343 3670 1404 3709 esse

171 3743 281 3796 uidetur
301 3745 492 3795 deminutionem
583 3744 597 3794 ἵ)
618 3745 766 3793 terribilibus
786 3741 948 3795 Pincianus:
971 3744 1083 3793 terribilis
1174 3742 1190 3796 7
1215 3744 1338 3794 decrescit
1359 3743 1404 3798 de·

173 3832 288 3886 teniores
306 3830 443 3886 nonnulli:
465 3835 606 3884 decrescere
619 3830 687 3896 cod„
701 3830 775 3902 qaod
786 3847 899 3886 seruare
912 3831 1000 3895 liceat,
1018 3831 1043 3884 sr'
1048 3836 1115 3901 post
1128 3833 1216 3881 deinde
1229 3831 1405 3888 antevenisse

171 3927 323 3974 statuamus
348 3924 419 3980 uide;
453 3923 593 3972 decrescere
619 3929 698 3987 potest
725 3921 772 3976 ael
792 3927 872 3987 potest
897 3922 1038 3970 decrescere
1064 3918 1213 3975 deteriores
1237 3919 1288 3974 alii

171 4011 187 4065 8
207 4011 449 4061 contumacissunum
470 4012 572 4076 (cotidie
591 4012 730 4076 insurgente
750 4016 772 4060 et
791 4007 853 4060 cont‘
870 4011 980 4060 remedIa
993 4011 1164 4062 efferuescente
1185 4011 1234 4059 tani
1255 4011 1302 4063 inu
1316 4013 1404 4062 effica-

172 4101 296 4150 cissimum
316 4100 342 4150 1η
363 4099 487 4168 marqr'ne
505 4105 538 4155 m.
558 4099 616 4166 alt.)
715 4101 745 4152 ll
766 4102 815 4151 etia
909 4099 952 4148 illa
971 4113 1041 4150 anus
1060 4096 1241 4152 deteriorum:
1263 4100 1311 4152 illu

175 4190 205 4242 12
225 4191 295 4240 initio
314 4188 441 4258 Lipsius:
468 4191 492 4238 in
511 4190 554 4239 illo
647 4190 771 4239 obstinata
795 4186 961 4242 deteriores:
989 4188 1117 4238 obstinata
1209 4187 1239 4241 13
1261 4189 1403 4240 minutatur

91 4312 96 4318 -
173 4280 277 4344 (minuta
295 4278 322 4331 r'a
338 4278 394 4346 fine
412 4293 484 4332 aers.
504 4278 532 4330 ia
556 4278 624 4344 ras.)
727 4279 786 4328 aliut
811 4277 831 4344 (t
849 4279 877 4329 r'a
897 4279 913 4326 d
933 4276 1016 4341 corr.)
1121 4276 1153 4328 1-4
1176 4292 1240 4328 nunc
1260 4282 1289 4328 te
1307 4276 1404 4333 Vener.

172 4364 234 4421 ala:
256 4370 299 4418 fite
314 4367 342 4432 (n
356 4382 427 4420 corr.
441 4366 468 4419 r'a
481 4367 549 4433 ras.)
626 4367 655 4418 15
669 4383 761 4416 merere
824 4369 919 4431 inperes
991 4365 1026 4418 20
1039 4366 1116 4415 nichil
1188 4364 1223 4419 22
1235 4367 1403 4419 admonemur

172 4453 235 4521 alim
255 4460 420 4508 correctam:
442 4457 559 4506 admonet
649 4456 683 4508 25
702 4456 845 4527 hereditatis
