3046 5092
151 290 193 350 24
422 282 500 323 DIAL.
521 282 551 326 11.
571 282 612 322 AD
632 282 773 324 SERENVM
792 283 853 325 NEC
872 283 1015 325 lNlVRlAM
1034 282 1096 325 NEC

150 440 185 493 ut
207 431 339 492 alterum
364 430 429 492 sine
453 429 552 492 altero
576 450 645 492 esse
668 431 777 512 possit,
809 429 941 493 alterum
966 431 1032 491 sine
1055 429 1156 492 altero
1180 451 1245 492 non
1269 431 1375 511 possit.

151 538 238 618 quod
270 538 340 599 dico
373 537 514 599 conabor
542 536 645 599 iacere
673 536 881 599 manifestum.
935 558 1065 618 possum
1096 538 1198 619 pedes
1237 558 1374 612 mouere,

152 654 186 706 ut
216 666 280 706 non
312 665 453 706 curram:
488 643 611 706 currere
645 666 708 706 non
737 665 881 724 possum,
914 654 948 706 ut
978 647 1078 726 pedes
1114 665 1178 706 non
1218 665 1374 722 moueam.

152 773 291 834 possum,
315 752 458 833 quamuis
482 752 617 832 inaqua
639 752 706 826 sim,
731 773 795 812 non
827 759 953 813 natare:
988 752 1012 813 si
1036 759 1126 827 nato,
1158 772 1223 813 non
1247 772 1375 833 possum

126 860 182 921 ⁵in
205 880 288 940 aqua
317 880 381 919 non
406 879 482 919 esse.
524 859 577 918 'ex
609 857 668 919 hac
699 867 784 920 sorte
813 867 844 920 et
875 856 938 920 hoc
970 867 1019 920 est
1042 860 1083 920 de
1107 879 1171 939 quo
1196 858 1308 939 agitur.
1352 860 1399 920 sit

153 966 291 1055 iniuriam
315 966 430 1046 accepi,
461 986 589 1027 necesse
617 974 665 1026 est
696 964 812 1027 saetam
843 986 920 1027 esse.
967 966 1014 1027 sin
1042 974 1091 1027 est
1115 965 1207 1040 facta,
1238 987 1304 1028 non
1332 975 1376 1027 est

153 1093 281 1134 necesse
304 1073 461 1152 accepisse
486 1093 546 1135 me.
594 1071 692 1134 multa
716 1073 797 1136 enim
822 1073 959 1134 incidere
982 1082 1116 1154 possunt
1132 1093 1215 1154 quae
1238 1094 1399 1136 summo.

154 1188 248 1242 ueant
270 1179 419 1241 iniuriam.
458 1189 491 1241 ut
514 1180 700 1242 intentatam
725 1200 852 1242 manum
878 1180 1001 1241 deicere
1025 1178 1133 1260 aliquis
1158 1201 1249 1268 casus
1274 1189 1376 1263 potest

155 1295 186 1349 et
217 1286 331 1348 emissa
359 1285 423 1347 tela
446 1285 617 1360 declinare,
648 1286 690 1348 ita
714 1287 836 1348 iniurias
864 1286 1111 1367 qualescumque
1139 1268 1248 1369 potest
1278 1288 1376 1369 aliqua

116 1416 141 1455 ιο
155 1416 205 1456 res
228 1393 378 1475 repellere
401 1402 433 1456 et
456 1394 486 1454 in
510 1395 616 1475 medio
640 1395 831 1475 intercipere,
856 1404 890 1456 ut
906 1405 938 1456 et
954 1393 1055 1455 tactae
1070 1395 1131 1457 sint
1147 1415 1206 1456 nec
1221 1404 1376 1476 acceptae.

243 1500 330 1563 Vlll.
376 1501 542 1562 Praeterea
572 1501 686 1562 iustitia
713 1500 786 1562 nihil
816 1501 963 1563 iniustum
987 1503 1052 1582 pati
1074 1510 1198 1583 potest,
1222 1503 1296 1582 quia
1319 1514 1399 1564 nont

156 1617 270 1669 coeunt
293 1608 457 1670 contraria.
503 1609 608 1669 iniuria
632 1616 737 1670 autem
762 1629 825 1670 non
849 1617 957 1688 potest
979 1607 1044 1670 fieri
1068 1609 1124 1669 nisi
1147 1609 1275 1670 iniuste:
1304 1629 1377 1689 ergo

156 1715 287 1796 sapienti
310 1715 416 1776 iniuria
439 1736 503 1776 non
535 1724 641 1796 potest
671 1715 743 1777 fleri.
797 1735 855 1776 nec
886 1724 934 1776 est
957 1717 1045 1796 quod
1070 1716 1205 1790 mireris,
1237 1716 1262 1777 si
1287 1736 1377 1777 nemo

156 1822 196 1885 illi
220 1832 326 1904 potest
350 1822 490 1883 iniuriam
515 1821 637 1884 facere:
671 1843 711 1884 ne
734 1822 887 1903 prodesse
916 1823 1044 1903 quidem
1073 1821 1241 1902 quisquam
1265 1831 1377 1904 potest.

119 1959 142 1998 n
157 1939 189 1991 et
212 1929 344 2010 sapienti
369 1928 442 1990 nihil
467 1910 558 1991 deest
573 1929 661 2009 quod
685 1931 826 2011 accipere
849 1931 948 2010 possit
964 1929 1036 1990 loco
1054 1930 1199 2003 muneriS,
1224 1939 1257 1991 et
1282 1929 1378 1992 malu's

158 2035 230 2097 nihil
252 2044 360 2117 potest
390 2037 521 2116 dignum
552 2036 688 2097 tribuere
719 2038 868 2117 sapiente.
914 2035 1033 2098 habere
1065 2037 1148 2098 enim
1176 2037 1263 2117 prius
1287 2039 1380 2099 debet

157 2163 252 2224 quam
284 2143 367 2203 dare.
419 2141 491 2203 nihil
530 2150 636 2203 autem
675 2141 772 2204 habet
802 2143 889 2223 quod
919 2143 959 2205 ad
990 2164 1025 2204 se
1062 2142 1219 2205 transferri
1259 2146 1379 2226 sapiens

159 2250 321 2330 gauisurus
344 2249 391 2310 sit.
437 2270 501 2310 non
524 2257 631 2330 potest
656 2270 732 2330 ergo
757 2251 921 2330 quisquam
950 2259 1004 2312 aut
1035 2270 1151 2312 nocere
1174 2251 1309 2331 sapienti
1332 2256 1399 2312 auti

158 2357 319 2437 prodesse,
343 2356 492 2436 quoniam
517 2355 621 2417 diuina
645 2376 702 2434 nec
724 2357 822 2417 iuuari
845 2357 1024 2419 desiderant
1047 2377 1105 2418 nec
1134 2355 1216 2418 laedi
1241 2366 1379 2439 possunt.

119 2464 283 2543 insapiens
301 2471 405 2525 autem
424 2463 540 2524 uicinus
556 2463 784 2544 proximusque
802 2464 848 2525 dis
865 2464 1014 2538 consistit,
1039 2473 1175 2544 excepta
1192 2464 1380 2527 mortalitate

159 2569 265 2631 similis
289 2572 360 2632 de0.
384 2571 425 2632 ad
449 2569 500 2631 illa
524 2570 624 2631 nitens
647 2590 846 2651 pergensque
869 2562 1011 2644 excelsa,
1037 2571 1195 2645 ordinata,
1220 2570 1382 2653 intrepida,

161 2677 281 2758 aequali
305 2686 337 2738 et
361 2678 510 2739 concordi
533 2697 624 2738 cursu
649 2677 791 2751 fluentia,
814 2697 939 2751 secura,
962 2678 1115 2758 benigna,
1148 2682 1232 2739 bono
1257 2678 1383 2760 publico

161 2793 246 2858 nala,
271 2794 303 2846 et
325 2785 382 2846 sibi
406 2794 439 2846 et
462 2783 527 2846 aliis
550 2784 696 2847 salutaria
718 2782 791 2845 nihil
815 2783 932 2845 humile
956 2785 1164 2866 concupiscet,
1190 2785 1264 2847 nihil
1290 2785 1387 2848 flebit.

161 2896 213 2971 qui
237 2891 347 2952 rationi
370 2892 493 2953 innixus
516 2914 573 2973 per
603 2882 759 2953 humanos
790 2912 880 2953 casus
904 2892 1010 2953 diuino
1035 2893 1150 2954 incedit
1173 2893 1296 2966 anim0,
1323 2914 1387 2955 non

121 3024 146 3064 n
160 2997 259 3060 habet
275 2998 358 3059 unde
382 2999 512 3079 accipiat
535 2998 683 3060 iniuriam.
731 2999 772 3060 ab
788 2997 916 3060 homine
937 3019 989 3059 me
1005 3007 1129 3060 tantum
1145 2999 1249 3060 dicere
1272 3004 1390 3080 putas?

161 3127 201 3167 ne
225 3127 244 3167 a
266 3104 391 3167 fortuna
414 3107 557 3187 quidem,
589 3127 670 3187 quae
703 3106 849 3186 quotiens
877 3126 949 3166 cum
980 3085 1094 3167 uirtute
1129 3126 1300 3187 congressa
1333 3116 1391 3182 est,

162 3233 334 3293 numquam
358 3233 415 3296 par
431 3213 564 3274 recessit.
608 3213 633 3273 si
656 3213 832 3274 maximum
856 3211 939 3286 illud,
965 3211 1045 3273 ultra
1068 3213 1155 3292 quod
1172 3210 1246 3273 nihil
1268 3211 1393 3276 habent

162 3319 257 3381 iratae
280 3319 366 3400 leges
390 3340 428 3381 ac
450 3319 621 3381 saeuissimi
645 3319 764 3379 domini
786 3319 874 3398 quod
891 3319 1062 3393 minentur,
1086 3320 1116 3380 in
1139 3341 1203 3400 quo
1220 3320 1388 3401 imperium

162 3447 252 3488 suum
291 3425 415 3487 fortuna
453 3425 618 3500 consumit,
657 3445 760 3506 aequo
798 3424 983 3507 placidoque
1015 3427 1121 3488 animo
1153 3425 1324 3506 accipimus
1357 3437 1389 3490 et

164 3657 315 3708 liinuiuria
412 3657 449 3704 sin
469 3651 559 3707 Koch:
581 3657 623 3705 siu
731 3654 911 3708 Sintentatam
930 3673 1029 3706 manum
1050 3654 1109 3709 cod.
1125 3654 1248 3708 Gruteri:
1271 3658 1391 3707 intentata

163 3762 236 3795 manu
321 3744 459 3797 [limmissa
475 3740 557 3797 Gertz
633 3743 663 3796 ll
683 3743 925 3814 interpunctionem
938 3760 955 3797 a
967 3743 1097 3797 Fickerto
1112 3743 1249 3798 turhatam
1265 3744 1388 3810 (mireris:

164 3837 184 3884 si
198 3876 203 3888 .
219 3877 224 3890 ,
239 3835 327 3897 tacere,
343 3832 383 3902 ne)
397 3833 516 3887 restituit
530 3830 611 3886 Gertz
666 3835 700 3883 illi
714 3839 794 3899 potest
806 3831 865 3887 cod.
880 3839 961 3898 potest
974 3833 1010 3882 illi
1023 3832 1105 3902 uulffo
1164 3834 1194 3887 19
1214 3836 1390 3899 ledirpossunt

446 3921 460 3960 d
595 3908 608 3924 .

218 3994 251 4047 20
271 3952 308 4044 dis
381 3994 412 4046 21
434 3977 502 4066 alilla
575 3993 608 4045 ‘23
627 3989 762 4064 humilia¹
805 3993 839 4046 24
858 3993 1099 4061 interpunctionem
1118 3992 1272 4046 emendeuit
1292 3990 1392 4057 Gert:;

162 4101 218 4170 suit
235 4103 304 4152 flebit
322 4104 383 4166 qui.
399 4140 425 4155 ,.
446 4102 542 4153 animo,
562 4117 610 4148 non
688 4101 780 4149 incedit
798 4098 899 4170 Neapa
921 4102 1017 4150 incedet
1095 4100 1128 4152 25
1148 4102 1212 4149 unde
1225 4097 1389 4153 Pincianus:

165 4210 206 4260 ubi
314 4208 348 4261 26
368 4186 561 4257 'atortunaqum‘i
577 4223 623 4271 que
731 4200 829 4271 q⁰tiens
937 4205 971 4259 ‘28
996 4209 1062 4272 quod
1086 4208 1207 4256 minentur
1225 4205 1389 4259 Pincianus:

165 4297 314 4383 minitantur
332 4315 429 4370 omisso
448 4315 515 4380 quod
534 4311 656 4383 (praeter
672 4317 775 4382 punctu
794 4330 824 4362 ne
836 4313 1049 4384 superscriptum
1070 4329 1127 4367 esse
1145 4312 1262 4375 uidetur,
1282 4319 1312 4364 ut
1330 4312 1393 4382 ipse

166 4422 262 4460 naeuus
281 4406 369 4460 altere
388 4407 507 4456 minentur
526 4400 645 4456 uetuisse
664 4399 802 4466 uideatur)
