3046 5092
320 346 400 388 DIAL.
411 344 460 391 vll.
490 347 531 387 AD
546 345 724 389 GALLlONEM
739 347 779 387 DE
793 347 863 388 VITA
879 348 985 391 ΒΕΑΤΑ.
1014 349 1048 391 is.
1238 356 1299 417 179

80 513 136 555 non
160 492 251 555 deest
274 496 355 554 mori
377 495 493 575 posse?
531 493 607 573 quid
631 513 709 574 ergo
733 497 801 556 est?
836 493 969 588 domum
992 493 1077 556 illam
1101 493 1301 575 splendidam

10 610 43 661 Ε),
80 599 157 662 malo
181 620 278 679 quam
301 610 558 695 pontemspone
581 602 611 662 in
631 603 845 663 instrumentis
861 600 1100 682 splendentibus
1116 610 1148 662 et
1164 600 1300 664 delicato

79 706 245 788 adparatu:
272 705 368 768 nihilo
392 726 444 767 me
466 705 637 768 feliciorem
661 705 796 782 credam,
820 709 907 786 quod
932 706 1007 768 mihi
1031 706 1127 768 molle
1150 708 1208 770 erit
1223 709 1299 770 ami-

78 811 185 888 culum,
209 813 297 894 quod
321 833 459 895 purpura
482 815 622 874 conuiuis
645 814 723 874 meis
745 812 970 877 substernetur.
1003 822 1091 875 muta
1112 815 1298 893 imaginem:

77 917 167 981 nihilo
191 919 334 981 miserius
357 939 421 995 er0,
445 923 470 982 si
493 918 575 982 lassa
598 920 705 981 ceruix
723 940 795 981 mea
809 923 840 981 in
857 919 1017 1001 manipulo
1033 919 1095 982 feni
1110 921 1302 1000 adquiescet,
1329 939 1341 975 5

77 1029 99 1088 si
130 1046 227 1108 super
259 1025 405 1089 Circense
440 1035 619 1089 tomentum
655 1047 712 1107 per
742 1035 879 1088 sarturas
910 1029 1025 1089 ueteris
1055 1025 1141 1090 lintei
1171 1026 1302 1088 effluens

76 1133 239 1195 incubabo.
286 1133 361 1213 quid
389 1153 466 1213 ergo
498 1137 568 1195 est?
601 1131 701 1207 mal0,
732 1134 807 1213 quid
831 1134 907 1196 mihi
930 1135 1024 1195 animi
1048 1135 1103 1207 sit,
1134 1132 1302 1200 ostendere

76 1249 294 1321 praetextatus
330 1250 363 1302 et
397 1248 591 1322 gausapatus
618 1259 714 1319 quam
752 1241 844 1302 nudis
874 1239 1007 1323 scapulis
1038 1248 1093 1302 aut
1124 1239 1301 1301 semitectis.

10 1350 46 1400 ἱ
76 1346 185 1408 omnes
216 1345 292 1408 mihi
322 1366 365 1408 ex
397 1356 475 1409 uoto
506 1346 573 1408 dies
602 1346 738 1410 cedant..
771 1367 873 1408 nouae
896 1346 1124 1428 gratulationes
1146 1345 1302 1427 prioribus

76 1452 299 1516 subtexantur:
326 1473 391 1514 non
414 1454 458 1515 ob
481 1453 544 1515 hoc
568 1454 642 1515 mihi
666 1452 808 1533 placebo
848 1462 937 1515 muta
959 1457 990 1515 in
1013 1454 1204 1515 contrarium
1220 1452 1302 1513 hanc
1318 1471 1342 1510 ιο

75 1558 299 1641 indulgentiam
342 1561 510 1642 temporiS,
555 1560 627 1622 hinc
665 1559 747 1621 illinc
785 1561 976 1641 percutiatur
1012 1563 1134 1621 animus
1173 1561 1301 1633 damn0,

75 1664 172 1741 luctu,
206 1665 433 1728 incursionibus
469 1667 574 1741 uariis,
607 1665 691 1727 nulla
721 1665 800 1727 hora
829 1668 895 1727 sine
926 1664 1028 1745 aliqua
1065 1664 1203 1745 querella
1240 1665 1298 1726 sit:

76 1792 136 1834 non
161 1749 236 1834 ideo
267 1792 319 1834 me
349 1772 452 1834 dicam
483 1773 563 1834 inter
594 1773 769 1834 miserrima
799 1773 957 1849 miserum,
981 1792 1046 1833 non
1068 1774 1141 1834 ideo
1165 1770 1301 1851 aliquem

75 1878 249 1940 execrabor
280 1880 373 1941 diem.
427 1879 587 1960 prouisum
619 1888 667 1940 est
697 1881 780 1941 enim
812 1900 831 1941 a
863 1899 930 1954 me,
959 1900 999 1941 ne
1030 1880 1098 1959 quis
1129 1878 1204 1939 mihi
1234 1885 1302 1939 ater

75 1986 139 2047 dies
167 1995 260 2047 esset.
313 1986 390 2066 quid
420 2006 498 2067 ergo
520 1989 597 2076 ,esti
630 1983 714 2047 malo
745 1987 861 2066 gaudia
891 1995 1085 2068 temperare,
1115 2006 1210 2066 quam
1243 1984 1299 2045 do-
1318 2002 1341 2041 ¹5

19 2099 59 2151 4
75 2091 155 2154 lores
179 2111 377 2174 conpescere.
424 2093 487 2154 hoc
508 2093 566 2155 tibi
594 2091 645 2154 ille
676 2090 825 2154 Socrates
856 2092 959 2154 dicet:
994 2090 1042 2154 fac
1073 2112 1125 2154 me
1148 2093 1300 2155 uictorem
1339 2094 1341 2100 ‘

74 2199 287 2262 uniuersarum
318 2202 468 2281 gentium.
519 2197 670 2261 delicatus
701 2198 751 2261 ille
783 2199 889 2261 Liberi
920 2220 1027 2261 currus
1054 2199 1301 2281 triumphantem

74 2327 172 2388 usque
195 2307 237 2369 ad
260 2305 390 2375 Thebas
413 2328 432 2368 a
454 2305 528 2368 solis
552 2314 624 2367 ortu
648 2305 752 2368 uehat
798 2308 864 2368 iura
886 2326 978 2387 reges
1002 2306 1168 2368 Persarum
1191 2287 1302 2387 petant

74 2433 185 2477 ame:
216 2433 269 2475 me
299 2412 460 2475 hominem
493 2433 563 2475 esse
593 2415 735 2475 maxime
766 2411 934 2493 cogitabo,
967 2433 1039 2474 cum
1063 2414 1141 2475 deus
1164 2413 1302 2492 undique
1388 2464 1390 2470 .

75 2519 306 2583 consalutabor.
352 2520 423 2582 huic
453 2529 519 2582 tam
543 2518 667 2582 sublimi
690 2519 815 2600 fastigio
838 2522 994 2601 coniunge
1017 2521 1159 2603 protinus
1182 2522 1301 2601 praeci·
1316 2534 1342 2574 20

74 2628 171 2708 pitem
211 2627 426 2698 mutationem.
481 2628 512 2688 in
549 2625 684 2689 alienum
722 2627 855 2707 inponar
892 2625 1054 2688 fericulum
1093 2634 1302 2688 exornaturus

75 2733 200 2795 uictoris
232 2733 359 2815 superbi
389 2754 427 2795 ac
453 2731 509 2795 feri
538 2753 713 2815 pompam:
746 2753 811 2794 non
834 2732 980 2795 humilior
1002 2733 1062 2795 sub
1085 2733 1187 2795 alieno
1211 2753 1301 2794 curru

42 2896 44 2900 .
75 2861 150 2921 agar
172 2860 268 2923 quarn
292 2840 324 2901 in
346 2860 421 2902 meo
444 2848 604 2903 steteram.
649 2840 726 2920 quid
748 2859 827 2921 ergo
851 2843 919 2901 est?
944 2840 1067 2902 uincere
1083 2848 1191 2902 tamen
1206 2860 1301 2919 quam
1327 2862 1330 2867 ·

46 2947 143 3028 scapi
174 2945 268 3008 malo,
314 2955 419 3010 toturn
449 2944 594 3009 fortunae
624 2966 758 3027 regnum
789 2947 976 3028 despiciam,
1014 2947 1072 3009 sed
1104 2966 1145 3007 ex
1176 2947 1245 3018 illo,
1277 2947 1302 3007 si

75 3053 199 3117 dabitur
222 3052 342 3130 electio,
367 3052 497 3116 meliora
519 3073 652 3116 sumam.
699 3054 852 3134 quidquid
875 3056 917 3115 ad
941 3073 993 3115 me
1015 3054 1152 3128 uenerit,
1179 3053 1301 3114 bonurn
1316 3067 1342 3106 25

75 3159 143 3235 fiet,
174 3160 233 3222 sed
264 3159 349 3222 malo
379 3145 582 3222 faciliora'ac
612 3155 796 3223 iucundiora
818 3160 945 3223 ueniant
968 3169 1000 3222 et
1023 3162 1126 3222 minus
1148 3168 1303 3222 uexatura

76 3388 91 3441 2
107 3396 211 3456 pontem
230 3387 394 3443 Priscianus:
415 3395 516 3455 potentii
641 3391 666 3438 in
691 3391 854 3439 instrumentis
873 3387 976 3460 Neapa
997 3391 1159 3439 instrumentis

77 3477 90 3532 3
109 3480 193 3545 'molb
216 3481 262 3531 erit
282 3479 429 3541 amiculum,
454 3480 521 3544 quod
610 3479 775 3528 substernetur
794 3475 851 3530 E':
879 3479 955 3528 molle
974 3479 1148 3532 {iminiclstsit
1166 3479 1232 3542 quod

77 3569 239 3620 substernatur
259 3568 443 3636 (iminicliimit
461 3566 488 3620 in
507 3581 572 3630 ras„
590 3565 618 3619 in
637 3567 761 3638 margine
779 3583 812 3619 m.
833 3566 849 3620 3
869 3568 1014 3629 aminiculo,
1033 3565 1085 3620 sed
1101 3568 1187 3618 nicuh'l
1206 3564 1301 3619 eadem

77 3672 156 3712 mana
175 3663 327 3712 correctum
346 3671 417 3726 qaae
436 3659 540 3710 textam
566 3655 700 3724 correirit)
826 3656 843 3709 4
867 3661 934 3705 muta
959 3657 1094 3722 imaginem
1121 3653 1199 3709 Koch
1220 3657 1302 3722 (muta

78 3747 182 3812 stragula
205 3763 262 3797 mea
280 3742 423 3816 Madvigil:
444 3745 532 3795 multas
556 3749 650 3810 magnit
668 3748 732 3818 meti·
816 3744 831 3796 5
855 3745 982 3809 manipulo
1007 3743 1086 3802 dett:
1107 3744 1232 3794 maniculo
1257 3744 1300 3810 (m.

78 3833 136 3888 tiu
154 3851 244 3906 marg.
263 3834 358 3905 repet.)
449 3836 499 3900 feni
595 3831 612 3886 8
637 3839 785 3899 pretextatus
880 3839 1029 3899 gausapatus
1047 3831 1170 3904 Lt'pst'us:
1192 3837 1303 3882 causatus

169 3925 243 3975 nudis
259 3921 359 3994 uulgo:
379 3924 439 3990 nudi
542 3925 675 3973 semitectis
694 3921 820 4000 lipsius:
841 3925 957 3973 sententis
1058 3922 1091 3975 11
1117 3923 1184 3972 illinc
1202 3919 1299 3990 uulgo:

33 4049 135 4107 *illic
216 4048 249 4102 12
273 4049 347 4098 uariis
365 4048 397 4114 (is
416 4048 499 4115 corr.)
590 4048 654 4097 hora
672 4043 812 4101 Muretus:
832 4049 910 4097 homo
1006 4022 1071 4114 aliqa
1171 4045 1300 4098 ’160οω-

79 4207 172 4256 pescere
263 4189 296 4244 18
315 4135 371 4240 uehat
467 4154 593 4240 Persarum
612 4187 667 4242 Εἲς
688 4192 814 4255 penatium
910 4195 993 4254 petant
1013 4206 1028 4238 a
1046 4206 1087 4239 me
1104 4185 1196 4240 Koch:
1218 4191 1302 4250 petant

80 4293 135 4334 tum
153 4279 254 4335 lacuna
359 4278 602 4352 2000nsua1utabor
703 4281 848 4344 coniunge*
955 4277 987 4329 21
1008 4279 1122 4342 imponar
1140 4290 1212 4327 ansts
1230 4272 1302 4327 dete·

81 4369 192 4424 mortem:
213 4370 332 4435 inponam
422 4367 456 4421 22
476 4385 596 4434 pompam
615 4367 712 4437 (amin
731 4369 798 4436 ras.)
889 4367 922 4419 23
948 4368 973 4414 in
991 4383 1055 4416 mes
1145 4364 1178 4418 25
1203 4367 1302 4428 summa

160 4459 278 4526 quicquid
368 4458 402 4511 20
421 4458 570 4508 iocundiora

1032 4542 1086 4595 12*
1181 4590 1183 4594 ,
