3046 5092
249 313 312 372 250
408 307 486 350 DIAL.
501 307 541 350 xl.
570 307 763 355 ADflELVlAM
778 309 909 349 MATREM
924 309 964 348 DE
979 280 1222 350 CONSOLnTIONE·
1251 313 1272 351 5.
1288 311 1308 351 6.

247 461 376 534 optant,
408 454 584 516 existimaui
615 440 742 535 semper
772 452 846 515 nihil
877 455 942 516 ueri
962 454 1048 515 boni
1072 454 1180 515 inesse.
1226 463 1294 516 tum
1318 455 1422 515 inania
1445 463 1477 516 et

247 562 391 640 specioso
416 579 453 621 ac
467 561 660 641 ,deceptorio
684 540 755 622 fuco
780 560 951 623 circumlita
974 562 1091 634 inueni,
1127 561 1207 621 intra
1231 559 1304 621 nihil
1328 559 1479 622 habentia

247 665 341 728 lronti
370 686 445 728 suae
468 667 592 728 simile:v
619 687 701 728 nunc
732 668 762 729 in
793 667 852 742 his,
880 688 961 748 quae
992 666 1075 729 mala
1105 676 1272 741 uocantur,
1304 665 1381 728 nihil
1412 676 1478 728 tam

247 771 387 834 terribile,
406 794 444 834 ac
467 775 581 835 durum
605 775 728 836 inuenio
753 795 847 855 quam
871 775 978 855 opinio
1002 773 1088 853 uolgi
1112 773 1297 835 minabatur.
1344 772 1486 835 uerbum

209 898 221 936 a
247 878 375 960 quidem
406 879 509 959 ipsum
540 880 742 961 persuasione
774 883 913 966 quadam
945 890 978 943 et
1008 877 1163 942 consensu
1186 881 1247 941 iam
1271 879 1415 960 asperius
1437 878 1486 940 ad

247 1007 337 1047 aures
368 986 454 1048 uenit
484 997 516 1049 et
545 989 707 1050 audientes
735 996 898 1069 tamquam
930 989 1017 1050 triste
1048 996 1080 1048 et
1111 984 1290 1048 execrabile
1312 984 1404 1047 ferit:
1438 988 1491 1048 ita

248 1093 330 1153 enim
362 1092 497 1174 populus
528 1095 623 1158 iussit.
668 1096 726 1156 sed
756 1094 864 1175 populi
894 1094 973 1156 scita
1000 1114 1042 1155 ex
1066 1113 1184 1174 magna
1206 1103 1297 1172 parte
1319 1093 1481 1174 sapientes

248 1198 413 1292 abrogant.
1272 1183 1276 1188 ⁸

242 1335 245 1339 ¹
337 1306 391 1368 VI.
411 1380 417 1391 ι
438 1307 579 1369 Remoto
603 1327 681 1387 ergo
704 1308 817 1369 iudicio
839 1306 982 1389 plurium,
1005 1328 1086 1387 quos
1109 1307 1210 1388 prima
1225 1325 1330 1367 rerum
1348 1305 1500 1388 speciest

209 1427 233 1467 10
248 1420 418 1493 utcumque
442 1412 560 1475 credita
583 1424 646 1488 est,
671 1412 785 1488 ausert,
810 1414 989 1488 uideamus,
1017 1415 1092 1494 quid
1116 1414 1155 1475 sit
1178 1411 1338 1474 exilium:
1363 1432 1474 1492 nempe

248 1518 309 1581 loci
332 1521 548 1582 commutatio
595 1541 635 1582 ne
658 1529 827 1601 angustare
858 1522 967 1582 uidear
990 1522 1054 1582 uim
1077 1520 1142 1582 eius
1166 1529 1198 1582 et
1220 1519 1375 1601 quidquid
1407 1539 1472 1601 pes-

248 1625 361 1687 simum
393 1626 424 1687 in
455 1648 489 1688 se
520 1625 633 1702 habet,
669 1627 871 1689 subtrahere:
923 1627 1005 1688 hanc
1036 1626 1321 1706 commutationem
1345 1625 1407 1687 loci
1429 1647 1472 1688 se·

248 1743 385 1813 quuntur
407 1734 629 1796 incommoda:
663 1742 842 1815 paupertas,
867 1734 1045 1814 ignominia,
1070 1741 1279 1812 contemptus.
1326 1733 1474 1794 aduersus

248 1840 307 1901 ista
338 1848 452 1921 postea
482 1839 671 1920 confligam:
714 1841 837 1903 interim
865 1841 1001 1921 primum
1032 1839 1107 1901 illud
1138 1840 1248 1901 intueri
1280 1838 1371 1913 uolO,
1403 1839 1474 1920 quid

210 1959 234 1998 1⁵
248 1946 352 2008 acerbi
375 1944 497 2007 adierat
520 1946 588 2027 ipsa
611 1945 672 2008 loci
696 1948 912 2009 commutatio

362 2051 476 2114 Carere
514 2053 615 2134 patria
652 2052 847 2115 intolerabile
878 2063 934 2115 est.
979 2054 1107 2134 adspice
1137 2054 1277 2134 agedum
1308 2051 1392 2120 hane
1419 2052 1505 2114 fre-2

249 2160 425 2239 quentiam,
456 2160 503 2220 cui
527 2159 580 2221 uix
613 2160 697 2221 urbis
727 2161 887 2221 inmensae
917 2169 1002 2222 tecta
1032 2159 1206 2222 sufficiunt:
1241 2159 1385 2221 maxima
1407 2180 1476 2240 pars

250 2267 335 2327 istius
359 2265 471 2327 turbae
494 2267 594 2347 patria
617 2276 710 2330 caret.
757 2288 799 2328 ex
823 2267 994 2348 municipiis
1017 2276 1049 2328 et
1073 2246 1202 2329 coloniis
1225 2267 1303 2340 suis,
1335 2286 1378 2327 ex
1409 2255 1476 2328 toto

250 2373 386 2453 denique
410 2372 488 2434 orbe
512 2382 665 2434 terrarum
689 2373 917 2435 confluxerunt.
963 2372 1041 2435 alios
1069 2373 1203 2435 adduxit
1230 2372 1377 2446 ambitio,
1402 2371 1477 2433 alios

208 2492 234 2530 ‘20
249 2481 419 2542 necessitas
455 2478 546 2541 officii
581 2479 710 2560 publici,
742 2480 820 2542 alios
851 2481 987 2562 inposita
1008 2479 1141 2560 legati0,
1173 2478 1250 2541 alios
1274 2478 1399 2541 luxuria
1422 2499 1475 2560 op..

249 2596 419 2668 portunum
451 2597 483 2649 et
514 2585 699 2668 opulentum
729 2588 810 2649 uitiis
840 2586 945 2678 locum
977 2606 1147 2669 quaerens,
1186 2585 1264 2647 alios
1304 2585 1477 2648 liberalium

249 2694 424 2756 studiorum
465 2694 633 2774 cupiditaS,
672 2693 749 2756 alios
779 2693 989 2776 spectacula
1019 2695 1175 2776 quosdam
1207 2693 1304 2754 traxit
1335 2694 1478 2767 amicitia,

248 2800 406 2882 quosdam
445 2801 596 2862 industria
633 2799 740 2863 laxam
777 2803 995 2863 ostendendae
1024 2800 1129 2862 uirtuti
1162 2807 1277 2861 nancta
1306 2801 1479 2870 materiam.

249 2909 378 2987 quidam
402 2907 546 2969 uenalem
571 2906 707 2976 lormam
731 2907 909 2983 attulerunt,
934 2908 1062 2989 quidam
1086 2905 1232 2968 uenalem
1256 2906 1470 2988 eloquentiam

208 3026 234 3064 ‘2⁶
249 3014 369 3076 nullum
393 3035 457 3075 non
481 3014 645 3077 hominum
670 3036 770 3096 genus
795 3016 990 3077 concucurrit
1014 3015 1044 3075 in
1067 3014 1179 3076 urbem
1202 3022 1236 3075 et
1258 3013 1426 3076 uirtutibus
1449 3022 1512 3076 et3

249 3123 329 3184 uitiis
360 3141 477 3201 magna
504 3123 605 3204 pretia
627 3130 810 3203 ponentem.
855 3110 928 3183 iube
951 3121 1028 3183 istos
1052 3104 1163 3183 omnes
1186 3121 1227 3182 ad
1251 3140 1371 3182 nomen
1395 3121 1481 3182 citari

250 3237 281 3288 et
314 3229 398 3289 unde
438 3230 537 3290 domo
575 3231 707 3309 quisque
745 3231 785 3291 sit
822 3249 956 3310 quaere:
999 3228 1121 3291 uidebis
1161 3229 1315 3290 maiorem
1354 3238 1480 3309 partem

250 3355 335 3409 esse,
366 3355 448 3417 quae
479 3334 590 3397 relictis
620 3336 749 3398 sedibus
780 3337 843 3398 suis
873 3337 992 3397 uenerit
1022 3336 1053 3396 in
1084 3334 1259 3396 maximam
1290 3334 1421 3416 quidem
1445 3354 1482 3396 ac

250 3439 491 3521 pulcherrimam
522 3443 651 3518 urbem,
679 3465 743 3505 non
774 3453 881 3506 tamen
912 3463 1009 3504 suam.
1041 3441 1171 3521 ¹deinde
1198 3441 1240 3503 ab
1264 3440 1325 3502 hac
1353 3442 1513 3504 ciuitatet

210 3561 235 3601 ³0
250 3549 386 3624 discede,
409 3569 491 3629 quae
513 3548 611 3611 ueluti
633 3552 809 3612 communis
832 3558 939 3632 potest
963 3550 1031 3611 dici
1078 3568 1190 3610 omnes
1213 3547 1307 3609 urbes
1330 3548 1478 3610 circumi:

253 3729 307 3734 ...—
310 3728 463 3735 -——-.-—

251 3850 265 3902 1
286 3851 422 3899 existimaui
441 3849 539 3918 uulpo:
561 3852 672 3900 estimaui
762 3856 810 3899 tum
824 3854 891 3919 post
910 3866 1007 3915 semper
1024 3863 1190 3918 mapnopere
1209 3846 1349 3918 desplioess
1371 3845 1482 3901 Pitinia-

251 3954 304 3991 nus
322 3938 437 3991 coniecit
454 3942 518 4003 quin,
538 3939 628 3992 nescio
647 3954 683 3991 an
701 3953 767 3990 uere
864 3937 880 3989 2
905 3955 936 3988 ac
955 3938 1098 4003 deceptorio
1117 3936 1187 4004 cod,
1206 3936 1268 3990 item
1288 3935 1481 4006 Bonqarsius;

251 4046 279 4078 ac
295 4029 426 4093 decepturo
440 4027 522 4098 uttlpo
612 4027 705 4080 3suae
719 4024 819 4079 deleuit
832 4023 981 4079 Pincianus
1071 4026 1103 4079 11
1123 4027 1242 4092 quidquid
1335 4028 1368 4100 11
1383 4027 1408 4075 in
1421 4028 1483 4076 tueri

252 4119 330 4187 (post
348 4120 371 4166 in
391 4115 490 4170 lacuna
505 4122 623 4186 propter
641 4113 764 4170 chartam
782 4115 918 4182 uitiosum)
1035 4113 1066 4166 15
1091 4115 1228 4166 commario
1339 4113 1371 4168 16
1398 4117 1483 4180 aspice

360 4205 392 4259 17
411 4208 530 4269 immense
638 4205 672 4258 23
691 4208 753 4254 nanc
773 4213 798 4254 ta
924 4205 960 4257 26
985 4206 1064 4270 pretia
1189 4203 1223 4256 27
1248 4204 1313 4253 unde
1331 4205 1425 4254 domo?
1443 4202 1483 4272 cf.

255 4294 335 4365 Verq.
354 4295 419 4350 Aen.
440 4291 535 4362 8,'1tt
555 4297 595 4361 qui
614 4298 706 4360 genus?
726 4296 790 4343 unde
809 4296 902 4344 domo?
927 4311 1048 4360 pacemne
1066 4295 1114 4342 huc
1133 4294 1199 4342 sertis
1219 4310 1248 4343 an
1269 4295 1354 4342 arma?

252 4420 286 4476 30
305 4396 441 4471 communiS
531 4422 631 4472 circumi
650 4416 696 4473 uel
714 4421 788 4469 circui
800 4418 972 4479 deteriores:
994 4421 1064 4474 ciret]
