3046 5092
304 333 384 374 DlAL.
400 333 436 375 Vl.
466 334 508 374 Ao
523 334 666 374 MARCIAM
680 335 721 374 DE
736 334 977 376 CONSOLATlONE.
1011 338 1033 377 9.
1051 336 1081 378 10.
1248 344 1308 403 129

103 501 211 544 necesse
233 489 281 541 est
304 481 409 561 itaque
431 481 532 560 magis
548 500 744 553 consuamus,
768 481 819 560 qui
836 481 924 560 quasi
939 501 981 542 ex
998 481 1159 564 inopinato
1174 481 1308 545 ferimur.

76 604 168 669 aquae
195 585 293 648 multo
325 595 398 648 ante
427 587 553 668 prouisa
576 595 662 660 sunt,
695 585 869 666 languidius
892 587 1058 648 incurrunt.
1105 588 1151 648 uis
1174 598 1207 650 tu
1231 591 1309 651 scire

101 704 127 756 te
150 695 186 755 ad
212 694 315 755 omnis
338 693 519 781 expositum
543 693 622 754 ictus
645 703 730 755 stare
753 701 785 754 et
808 692 859 754 illa
881 714 963 774 quae
985 693 1063 755 alios
1086 693 1149 756 tela
1173 694 1309 757 fixerunt

101 803 168 862 circa
187 809 217 863 to
240 801 398 862 uibrasse?
438 799 522 861 uelut
546 820 670 861 murum
694 799 829 880 aliquem
846 809 900 862 aut
916 801 1082 862 obsessum
1098 802 1200 863 multo
1216 802 1308 864 hoste

101 907 189 969 locum
211 916 242 969 et
265 908 399 968 arduum
423 907 578 968 adscensu
600 906 764 968 semermis
787 906 892 980 adeaS,
916 915 1053 987 expecta
1075 906 1186 967 uolnus
1210 917 1243 968 et
1258 907 1308 969 illa
1322 927 1334 963 t

101 1034 215 1093 superne
246 1012 384 1074 uolantia
414 1034 486 1074 cum
517 1012 639 1094 sagittis
669 1013 800 1095 pilisque
828 1035 906 1075 saxa
931 1014 961 1073 in
974 1022 1072 1074 ‘tuum
1097 1022 1174 1094 puta
1196 1013 1308 1075 librata

102 1140 204 1200 corpus.
256 1121 402 1202 quotiens
440 1119 548 1202 aliquis
578 1120 621 1181 ad
659 1119 740 1181 latus
776 1128 830 1181 aut
868 1140 952 1200 pone
990 1129 1115 1199 tergum
1151 1122 1307 1195 ceciderit,
1377 1194 1379 1204 Α

101 1226 242 1289 exclama:
270 1218 334 1288 non
358 1227 494 1306 decipies
518 1247 577 1301 me,
603 1227 734 1300 fortuna,
758 1247 816 1288 nec
839 1247 983 1288 securum
1008 1234 1061 1288 aut
1084 1225 1306 1306 neglegentem

101 1333 250 1412 opprimes.
296 1333 362 1395 scio
392 1334 468 1413 quid
498 1353 608 1414 pares:
648 1333 743 1394 alium
774 1334 902 1415 quidem
933 1334 1128 1414 percussisti,
1166 1335 1224 1394 sed
1255 1353 1307 1394 me

72 1440 195 1518 lpetisti.
246 1442 315 1519 quis
352 1459 503 1519 umquam
542 1459 592 1500 res
622 1460 694 1501 suas
722 1440 811 1520 quasi
840 1441 994 1521 periturus
1025 1440 1193 1521 adspexit?
1240 1441 1308 1519 quis
1324 1456 1348 1496 ro

102 1565 231 1626 umquam
255 1555 400 1608 nostrum
424 1548 465 1608 de
489 1545 599 1621 exilio,
624 1547 665 1608 de
688 1555 847 1627 egestate,
878 1548 919 1608 de
943 1546 1028 1608 luctu
1050 1549 1191 1626 cogitare
1214 1567 1308 1608 ausus

102 1655 157 1713 est?
184 1653 257 1734 quis
278 1673 360 1727 non,
391 1653 417 1714 si
439 1653 648 1714 admoneatur
671 1662 706 1714 ut
729 1656 867 1733 cogitet,
898 1662 1061 1733 tamquam
1085 1653 1187 1714 dirum
1211 1673 1307 1714 omen

102 1767 208 1838 respuat
230 1768 264 1821 et
287 1759 317 1820 in
339 1760 441 1841 capita
472 1760 666 1821 inimicomm
690 1768 745 1820 aut
775 1760 870 1840 ipsius
900 1759 1112 1840 intempestiui
1143 1760 1307 1821 monitoris

74 1861 172 1926 tabire
198 1865 248 1927 illa
278 1865 406 1927 iubeat?
445 1886 509 1927 non
541 1867 648 1946 putaui
678 1863 824 1927 futurum.
871 1866 1038 1947 quicquam
1069 1873 1103 1926 tu
1126 1874 1219 1946 putas
1241 1886 1307 1926 non

102 1965 227 2047 futurum,
250 1974 338 2054 quod
360 1972 486 2053 [multis]
511 1973 571 2034 scis
594 1993 688 2053 posse
703 1971 777 2047 fieri,
801 1974 888 2054 quod
913 1970 1017 2034 multis
1034 1973 1122 2034 uides
1146 1973 1304 2036 euenisse?
1321 1989 1346 2029 15

103 2078 244 2157 egregium
268 2099 395 2141 uersum
419 2088 451 2140 et
475 2080 605 2159 dignum
629 2080 681 2159 qui
705 2100 769 2140 non
792 2099 810 2140 e
833 2079 954 2160 pulpito
979 2079 1098 2140 exiret:

332 2189 421 2246 cuiuis
437 2197 532 2264 potest
552 2190 677 2246 accidere
699 2189 777 2262 quod
796 2191 926 2262 cuiquam
944 2185 1056 2263 potest!

102 2286 142 2350 ille
160 2293 256 2354 amisit
279 2291 414 2354 liberos:
448 2303 481 2354 et
512 2301 546 2353 tu
577 2293 721 2354 amittere
751 2301 853 2373 potes.
899 2291 950 2354 ille
980 2294 1149 2354 damnatus
1173 2301 1239 2353 est:
1274 2301 1306 2354 et

103 2401 146 2458 tua
169 2400 342 2462 innocentia
372 2400 431 2461 sub
455 2400 517 2460 ictu
540 2409 596 2461 est.
643 2419 730 2461 error
753 2398 869 2480 decipit
892 2398 941 2460 hic
965 2407 997 2461 et
1020 2398 1198 2473 effeminat,
1229 2400 1305 2460 dum

87 2507 216 2581 patimur
245 2527 327 2588 quae
357 2527 530 2588 numquam
561 2507 624 2587 pati
656 2527 714 2568 nos
745 2526 840 2587 posse
870 2506 1073 2587 prouidimus.
1119 2504 1219 2567 aufert
1243 2506 1305 2566 uim
1320 2519 1346 2560 2⁰

85 2594 297 2688 praesentibus
321 2613 411 2675 malis
433 2613 485 2694 qui
508 2612 611 2675 lutura
633 2614 804 2694 prospexit.

77 2715 87 2766 l
174 2721 210 2784 X.
249 2719 413 2802 Quidquid
437 2729 485 2781 est
508 2718 586 2792 hoc,
611 2719 738 2793 Marcia,
762 2720 850 2799 quod
873 2720 955 2780 circa
977 2739 1036 2780 nos
1060 2740 1102 2780 ex
1126 2719 1305 2781 aduenticio

103 2819 196 2904 fulget,
225 2826 329 2901 liberi,
353 2825 499 2902 honores,
524 2846 609 2906 opes
633 2825 740 2908 ampla
762 2826 841 2887 atria
864 2835 896 2886 et
920 2824 1122 2886 exclusorum
1146 2825 1305 2888 clientium

102 2930 176 2994 turba
197 2933 310 2996 referta
333 2932 495 3006 uestibula‚
519 2932 637 2994 clarum
661 2952 787 3008 nomen,
811 2932 924 2994 nobilis
947 2941 1002 2993 aut
1025 2931 1165 2994 formosa
1188 2935 1305 2994 coniux

103 3043 248 3120 ceteraque
271 3060 314 3102 ex
336 3040 455 3101 incerta
477 3048 509 3101 et
525 3037 635 3101 mobili
650 3047 737 3100 sorte
752 3041 924 3121 pendentia
940 3037 1030 3100 alieni
1046 3039 1305 3119 commodatique
1319 3051 1344 3092 2⁵

101 3140 250 3221 adparatus
272 3155 353 3210 sunt.
384 3143 459 3207 nihil
482 3145 596 3207 horum
620 3147 708 3208 dono
732 3147 838 3207 datur:
866 3145 1036 3207 conlaticiis
1052 3155 1084 3206 et
1098 3145 1140 3206 ad
1158 3145 1305 3208 dominos

99 3247 223 3315 redituris
247 3252 461 3315 instrumentis
484 3272 599 3341 scaena
621 3252 822 3342 adornatur..
838 3251 898 3313 alia
920 3272 962 3312 ex
978 3250 1025 3312 his
1042 3254 1145 3331 primo
1162 3251 1221 3326 die,
1245 3251 1306 3314 alia

65 3343 219 3421 2⁸ecundo
252 3358 440 3433 reserentur,
471 3379 571 3439 pauca
595 3360 759 3439 usquead
783 3357 877 3420 finem
901 3359 1155 3439 perseuerabunt.
1201 3360 1305 3440 itaque

89 3482 293 3510 N...—

84 3550 258 3621 lcOrruumus
347 3572 389 3636 qui
407 3572 477 3636 quasi
497 3569 661 3627 deteriores:
676 3540 751 3634 quasi
836 3569 851 3621 2
871 3572 969 3635 prouisa
982 3568 1084 3640 Neap:
1106 3571 1216 3636 perculsa

78 3634 225 3710 6uolantia
243 3657 342 3730 uulqo:
363 3660 471 3710 uolentia
567 3661 670 3725 pilisque
689 3674 760 3712 uuus
779 3657 960 3713 deteriorum:
982 3660 1078 3724 pellisq;
1183 3658 1199 3712 7
1219 3660 1305 3724 aliquis

22 3774 182 3862 'Get-Q:
202 3802 295 3867 aliquid
391 3760 568 3867 usedmietisti
588 3804 638 3867 (me
655 3816 796 3871 suprascr.
816 3817 850 3854 m.
866 3807 924 3870 pr.)
1025 3801 1054 3853 11
1075 3806 1184 3850 nostmm
1203 3799 1302 3870 Netum

65 3877 187 3938 ”mrum
277 3891 310 3943 12
330 3900 354 3939 ut
375 3887 546 3943 Grououius:
568 3899 591 3940 et
677 3890 709 3942 15
729 3891 810 3939 multis
828 3887 940 3943 seclusit
957 3886 1073 3959 Maduip
1157 3887 1191 3941 16
1210 3889 1303 3953 pulpito

59 3947 192 4040 Haupt:
211 3981 303 4046 populo
400 3980 473 4028 exiret
492 3977 614 4048 Lipsius:
637 3980 670 4028 eri
690 3985 713 4028 et
812 3977 845 4031 19
865 3995 931 4028 error
951 3975 1112 4031 Pincianus:
1133 3986 1210 4028 terror
1298 3982 1299 3985 ’

58 4039 177 4123 decipit
192 4069 232 4118 hic
251 4074 275 4118 et
294 4064 424 4137 Madut'q:
446 4068 545 4132 decipit,
565 4068 605 4118 hic
688 4067 722 4119 20
741 4069 867 4132 puidimus
887 4067 941 4132 (pul
961 4067 989 4118 iu
1007 4067 1072 4131 rus.)
1101 4064 1106 4076 ⁸
1152 4065 1186 4117 22
1206 4065 1304 4130 Quich

185 4209 216 4261 24
235 4209 328 4260 clarum
347 4225 451 4274 nomen,
477 4210 568 4258 nobilis
587 4207 717 4279 Mudut'q:
745 4167 808 4267 clritt
827 4209 917 4256 nobilis
1019 4188 1219 4272 Pliapparatus¹

61 4324 92 4380 27
123 4304 255 4420 ‘edituris
332 4351 367 4404 26
385 4352 447 4415 itaq;
467 4368 517 4400 non
536 4358 571 4400 est
590 4353 626 4416 qd
645 4368 695 4401 non
713 4352 833 4415 estquod
853 4347 979 4415 (alterum
998 4366 1048 4398 non
1067 4355 1102 4398 est
1120 4350 1187 4413 quod
1206 4346 1304 4402 lineola

66 4417 242 4492 t''astatursu
260 4438 387 4506 deletum)

1075 4526 1093 4591 a,
