3046 5092
514 336 594 378 DIAL.
610 337 650 377 lll.
679 337 720 377 DE
731 337 786 381 ,IRA
802 337 856 378 LlB.
873 337 890 376 l.
907 339 939 378 lt.
1298 345 1342 402 45

149 481 239 543 ninus:
272 481 326 542 ubi
357 502 422 542 non
453 481 569 543 effusos
600 503 669 543 esse
692 492 821 565 oportet
844 482 976 563 inpetus,
1007 485 1065 543 sed
1092 490 1289 563 temperatos
1313 492 1345 544 et

147 587 312 649 obedientes
358 589 435 668 quid
459 589 541 650 enim
566 598 614 650 est
637 588 728 663 aliud,
751 587 838 669 quod
861 589 1014 649 barbaros
1037 597 1127 649 tanto
1151 588 1345 650 robustiores

145 694 319 774 corporibuS,
350 703 441 775 tanto
471 696 674 778 patientiores
705 695 851 756 laborum
890 695 1084 757 comminuat
1121 694 1179 756 nisi
1216 694 1262 756 ira
1299 696 1342 756 in-

118 798 282 861 ?lestissima
304 799 384 862 sibi?
408 801 600 881 gladiatores
616 822 744 882 quoque
768 822 817 862 ars
833 810 946 876 tuetur,
969 801 1014 862 ira
1035 789 1183 864 denudat.
1228 801 1343 863 deinde

140 907 196 986 quid
210 927 289 988 opus
315 916 363 968 est
387 909 440 983 ira,
463 928 535 969 cum
552 909 636 969 idem
653 908 796 990 proficiat
819 907 919 969 ratio?
944 928 983 968 an
999 916 1034 967 tu
1050 890 1146 988 putas¹
1159 916 1343 970 uenatorem
1372 925 1384 962 5

137 1012 207 1074 irasci
229 1012 321 1077 feris?
353 1015 440 1094 atqui
464 1023 495 1075 et
519 1015 671 1075 uenientis
695 1015 813 1094 excipit
842 1023 873 1075 et
896 1012 1041 1094 fugientis
1072 1014 1277 1095 persequitur,
1313 1023 1344 1075 et

136 1120 224 1181 omnia
246 1119 298 1181 illa
328 1121 395 1182 sine
423 1121 468 1185 ira
499 1120 572 1182 sacit
600 1121 689 1182 ratio.
736 1122 811 1201 quid
836 1117 1037 1181 Cimbrorum
1061 1119 1345 1206 Teutonorumque

134 1235 171 1286 tot
192 1225 276 1286 milia
307 1226 472 1307 superfusa
495 1227 633 1310 Alpibus
665 1228 707 1288 ita
730 1225 869 1301 sustulit,
893 1235 926 1286 ut
949 1234 1056 1287 tantae
1081 1225 1177 1287 cladis
1201 1226 1344 1301 notitiam

133 1333 163 1392 ad
183 1353 254 1393 suos
276 1353 344 1394 non
372 1334 497 1396 nuntius
534 1335 592 1395 sed
620 1332 704 1394 fama
727 1332 905 1414 pertulerit,
934 1333 991 1394 nisi
1019 1333 1107 1413 quod
1131 1342 1198 1393 erat
1220 1331 1277 1394 illis
1301 1335 1345 1394 ira
1391 1369 1397 1383 ι

134 1459 177 1519 pro
207 1440 342 1501 uirtute?
382 1459 463 1519 quae
501 1448 536 1500 ut
567 1439 736 1520 aliquando
774 1438 914 1520 propulit
944 1440 1118 1518 strauitque
1153 1440 1263 1514 obuia,
1303 1441 1345 1500 ita
1361 1463 1384 1502 iu

111 1547 239 1626 3saepius
270 1546 330 1607 sibi
361 1547 459 1607 exitio
491 1555 546 1607 est.
593 1545 759 1608 Germanis
791 1545 864 1625 quid
897 1555 945 1607 est
976 1546 1166 1606 animosius?
1198 1546 1273 1625 quid
1304 1545 1344 1606 ad

135 1651 272 1712 incursum
297 1653 417 1713 acrius?
446 1653 521 1732 quid
545 1673 707 1714 armorum
730 1653 893 1734 cupidius?
924 1652 1037 1732 quibus
1068 1651 1269 1713 innascuntur
1299 1653 1343 1713 in-

137 1759 371 1838 nutriunturque,
401 1779 536 1840 quorum
568 1760 660 1820 unica
689 1758 745 1820 illis
778 1779 852 1820 cura
882 1767 930 1820 est
958 1759 988 1818 in
1012 1758 1071 1819 alia
1093 1757 1343 1838 neglegentibus.

138 1864 193 1942 quid
213 1865 386 1925 induratius
408 1866 460 1926 ad‘
474 1886 601 1926 ornnem
626 1866 831 1947 patientiam?
855 1874 890 1930 ut
913 1864 1025 1945 quibus
1050 1884 1166 1944 magna
1189 1885 1231 1925 ex
1254 1874 1344 1944 parte

139 1989 186 2029 non
212 1971 387 2050 tegimenta
425 1970 595 2052 c⁸orporum
633 1972 760 2053 prouisa
798 1972 876 2046 sint,
915 1991 979 2033 non
1018 1968 1155 2050 suffugia
1192 1969 1343 2031 aduersus
1361 1995 1384 2032 n

116 2074 303 2157 lperpetuum
335 2076 411 2139 caeli
441 2076 599 2159 rigorem:
643 2076 703 2139 hos
726 2087 833 2139 tamen
857 2077 990 2159 Hispani
1014 2075 1159 2156 Gallique
1190 2085 1222 2138 et
1245 2076 1344 2138 Asiae

141 2177 289 2263 Syriaeque
313 2182 426 2245 molles
456 2182 541 2245 bello
570 2183 642 2259 uiri,
674 2193 843 2264 antequam
868 2183 951 2264 legio
976 2185 1108 2257 uisatur,
1140 2184 1277 2244 caedunt
1300 2183 1343 2244 ob

141 2285 232 2349 nulam
264 2289 358 2350 aliam
389 2310 456 2351 rem
491 2300 691 2371 opportunos
731 2311 825 2371 quam
858 2290 1063 2351 iracundiam.
1118 2291 1256 2369 agedum
1287 2289 1344 2350 illis

142 2395 316 2474 corporibuS,
354 2394 412 2456 illis
442 2396 552 2457 animis
583 2395 725 2471 delicias,
764 2395 892 2470 luxum,
929 2417 1007 2477 opes
1045 2396 1263 2476 ignorantibus
1302 2397 1344 2457 da

142 2499 276 2576 rationem,
301 2502 344 2563 da
367 2502 580 2584 disciplinam:
609 2511 643 2564 ut
666 2502 708 2564 nil
731 2502 864 2584 amplius
887 2502 1000 2576 dicam,
1023 2522 1152 2563 necesse
1176 2503 1234 2563 erit
1258 2510 1343 2563 certe
1357 2526 1382 2564 20

120 2601 209 2667 anobis
229 2628 334 2669 mores
358 2608 524 2671 Romanos
547 2618 699 2691 repetere.
745 2629 809 2689 quo
833 2608 895 2670 alio
918 2609 1035 2669 Fabius
1058 2608 1199 2669 adfectas
1222 2608 1342 2689 imperii

131 2709 200 2773 ‚ures
219 2715 385 2788 recreauit,
416 2735 511 2795 quam
543 2715 630 2796 quod
660 2716 799 2776 cunctari
830 2723 862 2775 et
892 2714 1018 2776 trahere
1049 2724 1082 2774 et
1105 2714 1221 2775 morari
1244 2714 1342 2787 sciuit,

90 2884 96 2897 ‚
143 2832 201 2892 quae
227 2821 332 2881 omnia
354 2821 423 2881 irati
445 2821 610 2882 nesciunt?
652 2823 786 2902 perierat
809 2820 991 2903 imperium,
1023 2820 1109 2901 quod
1132 2829 1208 2881 tunc
1230 2821 1260 2881 in
1285 2840 1340 2881 ex-

143 2925 220 2986 tremo
240 2926 356 3000 stabat,
379 2928 405 2988 si
421 2927 537 2988 Fabius
560 2934 685 2989 tantum
708 2949 802 2990 ausus
826 2936 909 2989 esset
932 2935 1084 3024 qqantum
1101 2927 1146 3001 ira
1168 2927 1338 2988 suadebat:

143 3023 225 3094 habuit
252 3034 283 3094 in
314 3034 449 3095 consilio
483 3033 642 3096 fortunam
673 3033 833 3116 publicam
865 3043 898 3096 et
933 3034 1108 3095 aestimatis
1137 3033 1268 3107 uiribus,
1299 3053 1341 3094 ex
1355 3056 1381 3095 aa

89 3170 91 3209 :
144 3135 229 3211 quibus
256 3141 320 3202 iam
352 3141 453 3221 perire
476 3139 551 3202 nihil
574 3141 642 3202 sine
665 3142 811 3202 uniuerso
833 3147 972 3221 poterat,
1004 3138 1150 3200 dolorem
1174 3139 1340 3200 ultionem-

89 3262 92 3329 g
145 3256 187 3316 que
198 3247 338 3328 seposuit
362 3247 392 3308 in
409 3267 505 3308 unam
528 3245 640 3309 utilitat
628 3256 693 3308 tem
725 3256 756 3307 et
780 3247 962 3308 occasiones
985 3248 1130 3307 intentus
1166 3247 1244 3307 iram
1268 3254 1341 3307 ante

125 3339 197 3408 luicit
221 3374 312 3433 quam
345 3335 567 3418 Hannibalem.
613 3355 689 3434 quid
713 3352 840 3435 Scipio?
874 3374 938 3414 non
969 3352 1078 3415 relicto
1106 3350 1285 3413 Hannibale
1310 3361 1342 3413 et

89 3378 93 3539 i
146 3445 233 3518 Punico
264 3459 405 3523 exercitu
437 3459 647 3541 omnibusque
677 3460 789 3541 quibus
820 3460 1018 3520 irascendum
1047 3467 1129 3532 erat,
1159 3457 1317 3520 bellum
1310 3478 1340 3519 1n

89 3492 93 3619 i
147 3552 290 3628 Africamt
277 3574 378 3628 tratns
365 3565 435 3642 tulit
458 3574 524 3628 tam
547 3565 665 3641 lentus,
697 3575 732 3626 ut
755 3567 936 3647 opinionem
960 3564 1102 3625 luxuriae
1125 3565 1340 3645 segnitiaeque
1354 3587 1381 3628 30

89 3650 91 3701 !
125 3651 258 3748 lnaligni‘s
280 3673 391 3734 daret?
427 3671 502 3752 quid
525 3670 604 3733 alter
627 3669 754 3754 Scipio?
785 3693 850 3733 non
874 3672 956 3733 circa
978 3670 1182 3732 Numantiam
1207 3669 1341 3732 multum

89 3824 92 3871 Ι
148 3765 233 3852 diuque
259 3778 340 3840 sedit
372 3788 403 3840 et
433 3778 516 3840 hunc
546 3799 637 3839 suurn
668 3778 892 3859 publicumque
922 3777 1067 3839 dolorem
1099 3796 1202 3856 aequo
1234 3777 1340 3837 animo

89 3900 93 3977 f
148 3871 211 3952 tulit,
236 3885 346 3946 diutius
370 3885 575 3947 Numantiam
602 3905 698 3965 quam
723 3883 949 3964 Carthaginem
973 3883 1074 3944 uinci?
1107 3882 1184 3942 dum
1208 3883 1338 3943 circum-

89 4008 91 4019 .
149 4025 323 4052 N—

151 4145 255 4220 llmpelus
341 4164 520 4228 Qubedientes
617 4166 684 4214 aliud
705 4166 731 4232 (d
751 4165 834 4230 corr)
933 4163 1109 4227 detuenientis
1203 4163 1339 4226 effugientis

258 4253 295 4305 9
289 4271 326 4304 ira
344 4264 391 4320 pro
409 4256 496 4304 uirtute
514 4253 589 4320 cod„
608 4271 654 4318 pro
679 4255 789 4303 uirtute
783 4270 825 4302 ira
838 4249 922 4322 uulgo
1065 4252 1096 4304 21
1118 4253 1226 4313 affectas,
1244 4249 1295 4303 sed
1313 4269 1338 4300 ·1·

151 4324 226 4384 ²ffl¹⁰¹2⁸
240 4355 269 4393 m.
287 4356 343 4398 reo
361 4357 499 4412 superscr
627 4341 661 4394 27
680 4344 819 4391 occasionis
952 4342 1063 4392 intentus,
1083 4342 1146 4388 iram
1166 4339 1340 4408 interpunxit

153 4407 211 4470 Gir&
212 4428 305 4498 ‚uulpo
323 4433 451 4480 intentus'
446 4447 508 4480 iram
616 4430 649 4483 33
670 4431 735 4479 tuli*
