3046 5092
326 335 406 379 DIAL.
416 335 466 378 v11.
494 334 538 376 AD
553 333 729 376 GALLIONEM
746 334 786 376 DE
800 335 870 376 VITA
886 334 993 376 BEATA.
1021 335 1055 378 23.
1071 337 1104 379 24.
1225 351 1238 385 ο
1267 341 1328 401 177

107 483 174 546 estis
205 502 248 544 an
280 501 342 564 ego
374 482 418 545 uti
449 480 564 544 diuitiis
596 483 721 544 nescio?
768 482 1040 562 quemadmodum
1072 483 1167 544 etiam
1194 481 1330 564 pedibus

107 592 162 652 suis
185 588 305 672 poterit
327 592 387 652 iter
410 589 581 664 conficere,
613 590 784 651 escendere
807 598 915 652 tamen
939 588 1113 658 uehiculum
1138 589 1254 654 malet:
1286 592 1331 655 sic

107 717 221 779 pauper
244 696 361 777 poterit
384 716 462 770 esse,
486 696 574 757 diues
597 694 691 771 uolet,
714 694 846 758 habebit
860 698 968 775 itaque
984 716 1071 777 opes,
1094 690 1150 757 sed
1167 706 1330 777 tamquam

106 802 186 865 leues
217 811 251 865 et
282 800 469 865 auolaturas.
514 822 573 864 nec
603 801 654 864 ulli
685 800 735 864 alii
765 822 825 864 nec
856 802 914 863 sibi
944 821 1057 881 graues
1085 823 1154 865 esse
1185 805 1330 884 patietur.

107 908 236 973 donabit
256 910 388 990 —quid
412 911 555 972 erexistis
580 913 691 970 aures?
715 909 792 989 quid
815 909 974 989 expeditis
997 911 1120 971 sinum?
1137 945 1176 953 —-
1197 909 1357 973 donabit⁵

107 1027 156 1081 aut
178 1018 272 1079 bonis
296 1025 350 1078 aut
373 1018 427 1091 eiS,
451 1037 531 1096 quos
554 1014 656 1078 facere
679 1016 797 1098 poterit
819 1015 930 1078 bonos.
968 1016 1101 1078 donabit
1116 1037 1188 1078 cum
1205 1037 1331 1079 summo

106 1123 233 1186 consilio
265 1123 467 1204 dignissimos
498 1100 632 1204 eligens,
663 1133 698 1186 ut
729 1124 780 1203 qui
812 1122 989 1184 meminerit
1019 1132 1086 1185 tam
1118 1143 1331 1205 expensorum

107 1252 199 1311 quam
223 1240 427 1312 acceptorum
450 1232 606 1292 rationem
630 1250 700 1291 esse
722 1230 928 1292 reddendam.
968 1230 1101 1293 donabit
1125 1251 1167 1291 ex
1191 1241 1278 1294 recta
1300 1239 1332 1292 et

107 1336 261 1418 probabili
296 1357 399 1400 causa.
446 1358 519 1399 nam
555 1339 636 1400 inter
666 1347 774 1418 turpes
804 1338 938 1399 iacturas
970 1333 1086 1400 malum
1119 1340 1230 1399 munus'
1261 1347 1328 1400 est:

107 1443 235 1507 habebit
257 1447 357 1507 sinum
382 1443 513 1519 facilem,
537 1464 601 1505 non
623 1442 827 1525 perforatum,
850 1464 892 1505 ex
916 1463 980 1524 quo
1003 1443 1103 1507 multa
1126 1452 1251 1519 exeant,
1275 1445 1372 1506 sedo
1472 1516 1474 1520 p
1499 1461 1505 1471 ·

107 1551 178 1615 nihil
203 1552 334 1615 excidat.

10 1665 74 1719 1
193 1657 314 1720 XXIV.
352 1657 462 1733 Errat,
492 1659 518 1719 si
550 1660 618 1737 quis
648 1658 810 1720 existimat
840 1656 963 1720 facilem
993 1678 1061 1719 rem
1093 1677 1162 1720 esse
1190 1659 1328 1720 donare:
1431 1675 1434 1679 ·

107 1765 273 1846 plurimum
297 1766 358 1827 ista
380 1785 430 1826 res
452 1762 551 1826 habet
567 1762 765 1839 difficultatis,
789 1764 814 1826 si
830 1764 930 1825 modo
946 1764 1076 1826 consilio
1092 1765 1244 1840 tribuitur,
1267 1785 1331 1826 non

109 1892 178 1935 casu
202 1881 236 1935 et
258 1872 367 1953 inpetu
383 1874 547 1952 spargitur.
578 1870 662 1932 hunc
676 1891 869 1953 promereor,
892 1869 933 1933 illi
949 1870 1058 1933 reddo.
1089 1872 1161 1933 huic
1176 1892 1331 1947 succurr0,

108 1979 195 2041 huius
219 1979 377 2041 misereor.
416 1977 503 2040 illum
525 1978 644 2039 instruo
669 1980 800 2059 dignum
820 1998 915 2058 quem
931 1998 995 2039 non
1011 1978 1148 2042 deducat
1163 1988 1333 2061 paupertas
1350 1992 1372 2031 1⁵

108 2106 163 2149 nec
187 2095 377 2168 occupatum
401 2093 516 2148 teneat.
556 2084 743 2164 quibusdam
767 2106 833 2146 non
856 2084 950 2159 dab0,
974 2088 1118 2164 quamuis
1139 2088 1229 2161 desit,
1252 2087 1333 2167 quia,

109 2195 230 2256 etiamsi
262 2193 398 2267 deder0,
430 2194 489 2254 erit
513 2189 702 2253 defuturum.
749 2192 940 2271 quibusdam
963 2191 1114 2267 offeram,
1145 2193 1334 2272 quibusdam

109 2301 202 2362 etiam
227 2297 402 2361 inculcabo.
434 2318 497 2359 non
520 2317 651 2379 possum
674 2300 705 2359 in
728 2298 788 2364 hac
811 2318 845 2360 re
865 2318 935 2359 esse
950 2298 1130 2379 neglegens.
1162 2320 1333 2379 numquam

77 2408 208 2486 2magis
232 2407 362 2467 nomina
376 2404 465 2479 faci0,
490 2425 586 2485 quam
603 2425 675 2466 cum
691 2405 786 2466 dono.
835 2407 930 2484 quid?
954 2414 997 2480 tu,
1020 2407 1129 2485 inquis
1153 2415 1334 2487 recepturus

40 2500 47 2511 ⁸
109 2514 230 2575 donas?
261 2515 361 2575 immo
392 2533 455 2573 non
486 2513 682 2595 perditurus:
718 2533 756 2574 eo
784 2510 857 2572 loco
885 2514 925 2574 sit
949 2511 1095 2587 donatio,
1127 2511 1210 2573 unde
1233 2514 1333 2592 repeti
1347 2523 1373 2563 ‘2⁰

108 2638 170 2680 non
194 2617 329 2695 debeat,
353 2619 443 2680 reddi
465 2621 573 2700 possit.
621 2617 806 2681 beneficium
831 2617 1028 2693 conloceiur,
1060 2619 1333 2698 quemadmodum

79 2724 274 2788 3thesaurus
296 2725 359 2789 alte
383 2725 524 2800 obrutus,
548 2746 643 2805 quem
666 2746 731 2787 non
754 2745 852 2800 eruas,
877 2726 935 2787 nisi
957 2724 1049 2788 fuerit
1072 2745 1209 2787 necesse.
1240 2725 1333 2804 quid?

109 2836 225 2897 domus
247 2836 316 2914 ipsa
338 2833 443 2895 diuitis
467 2835 522 2894 uiri
538 2840 689 2912 quantam
705 2830 804 2895 habet
819 2830 1035 2894 benefaciendi
1051 2834 1235 2894 materiam?
1265 2833 1334 2911 quis

108 2943 191 3003 enim
220 2939 442 3003 liberalitatem
465 2943 589 3002 tantuin
614 2940 656 3002 ad
679 2947 809 3019 togatos
833 2943 946 3001 uocat?
977 2938 1158 3001 hominibus
1181 2939 1334 3019 prodesse

108 3057 220 3110 natura
244 3067 296 3109 me
318 3046 423 3109 iubet:
450 3048 533 3108 serui
556 3045 684 3108 liberine
707 3047 769 3108 sint
792 3046 832 3120 hi,
855 3048 981 3125 ingenui
1005 3067 1044 3121 an
1068 3045 1211 3120 libertini,
1234 3048 1335 3107 iustae
1350 3058 1375 3096 2⁵

84 3146 88 3153 ’
107 3154 262 3217 libertatis
286 3174 325 3215 an
348 3155 429 3215 inter
452 3155 573 3218 amicos
597 3153 699 3228 datae,
723 3153 799 3232 quid
819 3151 933 3215 refert?
957 3153 1147 3232 ubicumque
1163 3152 1262 3214 homo
1278 3161 1334 3227 est,

60 3298 64 3304 ·
107 3261 149 3323 ibi
180 3259 314 3323 benefici
345 3259 433 3322 locus
465 3269 521 3322 est.
566 3268 674 3341 potest
703 3261 810 3339 itaque
840 3262 973 3342 pecunia
1003 3263 1098 3322 etiam
1128 3262 1210 3322 intra
1239 3259 1335 3321 limen

109 3491 323 3500 ———-

108 3647 126 3701 2
151 3649 285 3701 &uendere
309 3648 334 3716 (e
352 3647 380 3700 in
399 3665 415 3697 a
432 3645 515 3716 corr.)
641 3649 676 3698 sic
693 3665 787 3714 pauper
805 3650 896 3713 poterit
914 3666 979 3710 esse,
1005 3650 1073 3699 diues
1091 3650 1156 3699 uolet
1177 3647 1273 3702 Gertz:
1300 3650 1335 3699 sic

106 3739 190 3804 paup¹
209 3739 231 3788 si
249 3738 340 3804 poterit
358 3753 410 3788 esse
428 3737 512 3787 diues!
532 3737 598 3787 uolet
688 3737 703 3790 3
722 3738 825 3787 habebit
843 3738 926 3802 itaque
943 3734 1072 3806 Maduip:
1093 3746 1116 3787 et
1134 3738 1236 3787 habebit
1256 3740 1336 3802 itaque

199 3827 216 3881 4
241 3829 298 3877 ali*
389 3826 405 3878 5
430 3826 535 3876 donabit
561 3825 631 3893 (quid
649 3822 757 3877 erexisiis
775 3830 859 3877 aures?
885 3828 944 3892 quid
963 3827 1081 3892 expeditis
1099 3828 1178 3876 sinum
1186 3829 1208 3892 ?)
1233 3827 1337 3887 donabit
1414 3830 1421 3843 ’

109 3913 208 3971 Curio:
236 3916 438 3982 quid.donabif.'
457 3916 484 3982 (b
503 3929 542 3967 ex
559 3932 574 3965 u
594 3916 678 3981 corr.)
697 3917 804 3966 erexistis
823 3933 901 3970 aures.
920 3917 979 3981 quid
998 3917 1116 3980 expeditis
1134 3915 1336 3969 sinumdonauit

110 4005 151 4073 (in
176 4004 303 4076 margine
326 4019 360 4059 m.
379 4007 396 4056 4
416 4022 437 4056 c.
457 4005 572 4070 donabit)
683 4005 716 4059 10
741 4011 840 4066 exeant,
866 4007 909 4055 sed
928 4005 990 4054 nihil
1008 4001 1085 4057 Koch
1104 4011 1190 4055 exeant
1208 4010 1243 4054 set
1261 4005 1336 4052 nichil

110 4093 190 4162 cod,
214 4109 304 4165 neque
327 4093 397 4147 enim
422 4091 456 4148 de
480 4092 569 4147 littera
588 4111 599 4143 s
618 4100 680 4147 ante
699 4101 722 4144 et
747 4092 858 4146 multum
883 4092 1058 4147 dubitationis
1081 4091 1242 4162 relinquitur

111 4182 147 4236 14
159 4184 255 4250 impetu
345 4183 379 4237 17
391 4184 479 4250 quibus
493 4185 548 4234 da*
638 4185 785 4248 quibusdam
799 4185 872 4232 etiam
887 4181 1053 4237 deteriores:
1074 4183 1160 4247 quibus
1173 4183 1247 4230 etiam

111 4270 147 4326 18
166 4274 192 4322 in
205 4275 253 4323 huc
266 4288 357 4323 reesse
370 4270 450 4329 deta:
472 4274 497 4321 in
511 4273 559 4323 huc
572 4289 624 4322 esse
636 4290 662 4323 re
675 4271 737 4341 (esse
750 4289 776 4322 re
788 4272 815 4325 ἔνι
829 4273 896 4338 ras.)
970 4289 1033 4322 nunc
1046 4275 1096 4336 quii
1167 4269 1200 4322 23
1220 4275 1336 4334 quantam

110 4359 191 4416 deff:
212 4368 305 4428 quanti]
396 4360 430 4413 25
449 4370 535 4410 natura
554 4377 594 4410 me
612 4362 678 4411 iubet
697 4359 806 4414 Haase:
826 4367 938 4410 naturam
957 4367 980 4410 et
999 4362 1066 4410 iubet
1154 4361 1217 4409 serui
1236 4356 1264 4411 E
1269 4361 1292 4408 ¹:
1314 4364 1338 4408 et

111 4453 177 4501 serui
268 4449 301 4503 26
320 4452 363 4499 ubi
381 4465 489 4516 cumque
580 4449 613 4502 2?
632 4452 745 4500 beneficii
765 4447 865 4516 (altera
885 4452 892 4499 i
911 4467 928 4502 a
947 4465 1019 4503 corr.
1039 4447 1144 4517 addila)

1095 4537 1124 4590 12
