3060 5078
158 332 197 391 12
371 326 450 368 DlAL.
469 328 487 374 l.
508 327 609 379 QVARE
628 328 738 379 ALlQVA
758 326 946 369 lNCOMMODA
963 326 1052 368 BONIS
1072 326 1151 368 VIRIS

154 473 383 555 inpudicitiam?
422 475 497 554 quid
527 479 641 556 porro?
680 495 745 536 non
777 481 824 536 est
847 473 986 556 iniquum
1010 471 1218 535 nobilissimas
1242 473 1373 554 uirgines

154 581 195 642 ad
226 599 315 641 sacra
346 579 488 642 iacienda
518 580 664 642 noctibus
694 582 837 656 excitari,
873 581 1024 643 altissimo
1054 599 1170 642 somno
1202 580 1374 661 inquinatas

154 686 231 748 frui?
277 685 368 748 labor
399 688 539 767 optimos
571 689 821 750 citat:·senatus
852 708 908 768 per
939 695 1044 750 totum
1076 687 1160 748 diem
1183 707 1280 767 saepe
1304 691 1400 751 cona?

154 792 274 869 sulitur,
306 814 378 856 cum
409 794 462 856 illo
493 805 638 875 tempore
661 793 825 856 uilissimus
848 795 979 875 quisque
1009 795 1117 855 autin
1139 813 1255 874 campo
1278 794 1373 856 otium

128 913 245 962 ⁵suum
277 900 417 967 oblectet
447 911 501 963 aut
532 903 561 962 in
594 903 711 983 popina
735 901 831 963 lateat
854 910 908 963 aut
931 910 1057 982 tempus
1080 901 1111 969 in
1134 900 1239 982 aliquo
1264 899 1374 963 circulo

154 1017 243 1069 terat
288 1008 372 1069 idem
405 1009 434 1067 in
462 1008 521 1069 hac
550 1028 666 1088 magna
689 1006 848 1089 republica
870 1007 921 1070 fit:
963 1007 1039 1069 boni
1063 1008 1118 1069 uiri
1141 1007 1317 1082 laborant,⁸
1334 1007 1375 1068 in·

154 1114 305 1195 pendunt,
328 1115 538 1195 inpenduntur
562 1126 593 1176 et
617 1114 760 1177 uolentes
782 1116 919 1195 quidem,
943 1106 1006 1176 nun
1031 1113 1195 1176 trahuntur
1211 1135 1231 1175 a
1246 1113 1376 1189 fortuna,

154 1230 326 1300 sequuntur
341 1220 425 1282 illam
446 1231 477 1283 et
494 1209 630 1302 aequant
650 1222 774 1303 gradus.
815 1223 840 1282 si
856 1223 994 1296 scissent,
1018 1222 1267 1285 antecessissent.
1300 1221 1405 1283 hanc?

154 1347 280 1407 quoque
297 1328 472 1388 animosam
485 1329 629 1389 Demetri
645 1327 803 1389 fortissimi
820 1328 875 1389 uiri
892 1348 1005 1390 uocem
1021 1327 1146 1389 audisse
1162 1346 1214 1388 me
1231 1328 1373 1391 memini:

118 1450 139 1487 u
154 1432 213 1494 leoc-
235 1453 346 1509 uuum,
381 1434 493 1514 inquit,
524 1433 563 1494 de
594 1433 698 1509 uobis,
731 1432 769 1494 m·
789 1433 990 1509 mmmmm,
1020 1433 1113 1513 queri
1127 1443 1271 1512 possum,
1295 1433 1381 1514 quod

154 1561 215 1601 uou
238 1548 311 1600 unte
324 1538 417 1600 'mz'lu'
438 1540 631 1602 uoluntatem
654 1523 795 1602 uestrum
818 1549 925 1601 uolam
939 1540 1077 1617 fecistis.
1116 1540 1214 1620 prior
1234 1540 1321 1602 euim
1336 1538 1380 1602 ad

154 1646 216 1708 istu
233 1646 397 1723 uem‘ssem,
423 1647 471 1708 ad
483 1668 564 1727 quae
587 1667 668 1707 nuuc
683 1657 812 1709 uocatus
826 1646 952 1709 adsum.
994 1646 1089 1708 uoltis
1104 1646 1221 1708 llberos
1237 1650 1395 1709 sumeres·

154 1753 243 1815 uubis
265 1753 338 1815 illos
360 1753 483 1814 sustuli.
530 1754 623 1815 uoltis
646 1753 939 1834 reliquampartem
964 1755 1123 1833 corporis:
1145 1753 1270 1814 sumite.
1319 1773 1377 1814 non

154 1881 309 1940 maguam
341 1882 407 1922 rem
435 1861 594 1940 promitto.
643 1865 699 1922 m'to
730 1870 827 1921 totum
858 1859 1045 1940 relinquam.
1092 1861 1186 1922 uultis
1208 1859 1378 1938 spiritum:

116 1979 140 2020 ¹⁵
155 1958 270 2047 quid'ul
291 1967 413 2029 nullam
438 1987 562 2028 moram
576 1967 716 2044 faciam,
740 1987 801 2047 quo
824 1968 929 2028 miuus
946 1966 1108 2046 recz'piatis
1124 1967 1211 2047 quod
1223 1966 1379 2028 dedistis?

154 2095 175 2135 a
207 2074 327 2134 uolente
347 2074 465 2151 feretis
489 2072 647 2153 quidquid
667 2073 834 2153 petiem'tz's.
882 2073 963 2154 quid
982 2095 1059 2154 ergo
1081 2075 1152 2135 est?
1198 2056 1409 2143 maluissemfi

82 2225 84 2228 ι
155 2180 269 2259 offerre
292 2200 388 2260 quam
412 2179 548 2242 tradere.
596 2179 685 2260 quid·
696 2191 774 2260 opus
787 2180 862 2258 fuit
882 2181 1040 2258 auferre?
1064 2181 1203 2260 accipere
1220 2182 1377 2261 potuertis.

154 2287 215 2348 sed
241 2308 279 2347 ue
309 2307 391 2348 uuuc
414 2287 541 2366 quidem
569 2287 737 2365 causemur,
771 2288 847 2368 quia
871 2287 956 2350 uilu'l
976 2288 1113 2368 eripitur
1139 2288 1210 2349 uisz'
1226 2271 1379 2350 retinenti.

82 2423 92 2439 ·
156 2392 229 2455 nihil
260 2414 373 2474 cogor,
403 2389 481 2455 nihil
500 2395 604 2476 patior
626 2395 748 2469 inuitus,
771 2401 836 2457 nec·
853 2395 955 2456 seruio
979 2395 1042 2456 deo
1066 2396 1124 2457 sed
1147 2396 1317 2470 adsentior,
1341 2416 1380 2457 eo

116 2512 141 2550 '20
156 2501 283 2581 quidem
308 2501 421 2580 magis,
452 2500 539 2581 quod
572 2501 636 2563 scio
669 2503 775 2563 omnia
798 2511 884 2564 certa
907 2511 938 2564 et
961 2502 991 2562 in
1015 2511 1177 2563 aeternum
1202 2501 1288 2563 dicta
1311 2502 1380 2583 lege

157 2608 329 2669 decurrere.
382 2606 447 2668 fata
477 2628 536 2670 nos
567 2609 684 2670 ducunt
707 2617 740 2669 et
762 2617 915 2689 quantum
947 2608 1057 2688 cuique
1092 2608 1245 2689 temporis
1274 2618 1411 2684 restat?

155 2714 256 2795 prima
280 2714 472 2776 nascentium
497 2714 576 2775 hora
598 2715 759 2795 disposuit.
799 2735 892 2776 causa
914 2716 1034 2796 pendet
1054 2734 1214 2776 excausa.
1257 2715 1380 2796 priuata

156 2841 194 2882 ac
215 2819 341 2900 publica
363 2819 477 2900 longus
501 2821 582 2882 ordo
598 2802 817 2882 rerum'trahit.
859 2821 932 2882 ideo
948 2820 1070 2882 sortiter
1085 2840 1180 2882 omne
1195 2820 1380 2900 patiendum

157 2935 217 3002 est,
249 2927 320 3008 quia
351 2947 433 3001 non,
465 2935 499 2987 ut
529 2936 695 3008 putamus,
727 2928 866 2988 incidunt
895 2937 1007 2989 cuncta
1037 2928 1094 2989 sed
1122 2928 1258 2989 ueniunt.
1305 2926 1380 2989 olim

117 3053 143 3092 25
157 3035 361 3097 constitutum
379 3042 427 3094 est
442 3034 518 3114 quid
534 3035 682 3113 gaudeas
703 3035 779 3115 quid
796 3033 881 3109 fleas,
898 3043 929 3096 et
944 3034 1088 3114 quamuis
1104 3053 1221 3114 magna
1237 3034 1382 3119 uideatur

96 3154 100 3162 ·
157 3142 308 3202 uarietate
324 3140 517 3219 singulorum
535 3141 598 3202 uita
614 3141 769 3222 distingui,
785 3160 910 3202 summa
925 3141 955 3201 in
972 3160 1067 3227 unum
1085 3141 1185 3202 uenit:
1212 3142 1382 3223 accipimus

157 3248 294 3329 peritura
323 3247 459 3327 perituri.
511 3247 586 3326 quid
616 3249 722 3327 itaque
750 3247 965 3327 indignamur?
996 3247 1086 3327 ,quid
1117 3247 1295 3328 querimur?
1341 3248 1420 3314 adt:

157 3354 220 3416 hoc
249 3355 348 3435 parati
378 3354 482 3415 simus.
537 3363 641 3416 utatur
677 3363 711 3415 ut
742 3353 808 3416 uult
839 3355 900 3415 suis
932 3363 1043 3415 natura
1073 3352 1275 3434 corporibus:
1325 3374 1382 3416 nos

158 3460 230 3522 laeti
261 3461 302 3522 ad
331 3460 438 3521 omnia
469 3468 501 3521 et
532 3459 628 3522 fortes
656 3461 832 3540 cogitemus
856 3459 930 3521 nihil
953 3460 1054 3541 perire
1077 3461 1118 3521 de
1141 3468 1261 3521 nostro
1308 3461 1383 3541 quid

118 3586 144 3625 :n
158 3575 206 3628 est
229 3567 305 3628 boni
329 3567 401 3627 uiri?
432 3567 585 3646 praebere
607 3588 641 3628 se
664 3565 737 3629 fato.
774 3568 894 3647 grande
917 3566 1067 3628 solacium
1085 3575 1132 3627 est
1148 3586 1220 3626 cum
1237 3567 1382 3628 uniuerso

159 3674 233 3754 rapi.
279 3673 445 3756 quidquid,
462 3681 509 3734 est
541 3673 627 3753 quod
655 3693 713 3734 nos
744 3673 788 3733 sic
819 3673 937 3746 uiuere,
970 3673 1014 3733 sic
1045 3673 1125 3733 mori
1148 3672 1244 3746 iussit,
1268 3673 1382 3734 eadem

159 3781 344 3841 necessitate
368 3787 399 3841 et
424 3780 501 3841 deos
525 3779 650 3861 adligat.
692 3778 908 3841 inreuocabilis
932 3780 1071 3840 humana
1093 3780 1210 3859 pariter
1225 3798 1263 3840 ac
1279 3779 1383 3840 diuina

160 3991 337 4057 limpendunt
356 3992 528 4056 impenduntur
606 3991 737 4040 saudisse
755 3991 818 4043 m.2
837 3989 865 4042 lu
884 3989 1006 4058 margine
1069 3968 1263 4057 ll>relinq.³(fi
1281 4007 1315 4044 m.
1325 3990 1382 4061 pr.)

184 4139 188 4143 ,
254 4080 280 4131 lu
300 4080 406 4150 sipulum
424 4076 617 4148 interrogandi
629 4083 696 4148 post
719 4080 804 4143 quidni
824 4076 923 4131 deleuit
944 4076 1025 4131 Gertz
1123 4080 1153 4131 16
1178 4081 1295 4145 quicquid

166 4169 193 4222 19
217 4171 277 4217 nihil
308 4185 385 4233 cogor
410 4197 443 4205 -
467 4169 497 4220 21
527 4169 654 4216 decurrere
683 4185 700 4219 u
728 4165 849 4220 Ileruetri
877 4166 1001 4220 oratioue
1025 4167 1167 4236 separauit
1193 4165 1275 4220 Gertz

163 4256 193 4310 19
213 4260 332 4307 assentior
404 4257 437 4309 20
457 4259 564 4306 inelfium
637 4255 910 4321 wandebertus.)
984 4261 1057 4306 restat
1071 4257 1382 4326 (anterelpostlras.)

249 4346 282 4398 22
302 4362 346 4395 ora
436 4347 470 4399 28
489 4347 563 4394 simus
583 4341 724 4398 Michaelis
743 4342 840 4397 Pllllol.
863 4342 888 4396 V
888 4343 927 4407 II,
948 4347 1013 4397 223:
1038 4362 1128 4412 sumus,
1147 4343 1223 4413 quod
1235 4345 1313 4412 ferri
1329 4361 1383 4397 urm

159 4441 248 4504 polest
266 4433 320 4487 uisi
336 4435 386 4482 nati
406 4431 462 4499 [uel
478 4431 553 4502 parti]
572 4431 701 4486 scribllur
790 4434 823 4485 31
843 4435 958 4499 quicquid
1048 4435 1083 4486 32
1102 4435 1188 4498 alligat
