3046 5092
132 320 185 360 XIV
531 319 571 358 DE
587 317 700 359 CODICE
714 317 952 361 MEDlOLANENSI.
1021 320 1026 326 '

116 465 226 528 litteris
258 464 510 544 Longobardicis
534 464 745 544 conscriptu5‚
775 464 1050 544 septingentorum
1080 472 1112 525 et
1136 463 1272 544 amplius
1294 485 1341 526 an-

16 634 18 638 .
118 593 231 635 norum
256 574 443 651 antiquitate
460 572 671 632 uenerandus:
699 568 775 630 illud
799 570 893 630 etiam
919 579 951 631 te
974 590 1100 644 mone0,
1124 570 1345 632 humanissime

118 679 233 751 lector,
264 699 307 739 ex
337 676 399 755 hoc
430 677 629 756 potissimum
661 677 770 736 codice
802 677 962 738 Muretum
1002 678 1048 738 sui
1079 675 1222 739 Senecae
1253 698 1346 759 quem

119 786 217 847 edidit
234 786 463 845 correctionem
486 776 639 862 petiisse’,
662 783 704 844 ad
727 803 809 862 quae
829 783 955 844 addidit
979 793 1042 844 tres
1065 782 1154 845 locos
1177 805 1197 845 a
1220 784 1346 847 Mureto

119 912 161 952 ex
178 892 287 952 codice
304 888 355 951 illo
372 889 569 950 emendatos
618 886 709 968 Quae
733 886 851 967 Olgiati
876 888 974 950 uerba
998 890 1052 951 uix
1075 889 1269 964 attulissem,
1293 892 1348 952 nisi

118 997 169 1058 hic
192 996 314 1058 sontem
338 996 518 1056 uideremus
541 993 619 1055 illius
644 995 684 1054 de
707 994 825 1057 Mureti·
846 997 955 1056 codice
972 993 1077 1057 Siculo
1094 994 1228 1071 fabulae,
1253 1017 1348 1077 quam

120 1102 171 1163 uel
188 1103 284 1163 Gertz
302 1101 443 1181 diligenti
468 1108 500 1161 at
523 1111 755 1181 superuacanea
778 1109 885 1161 tamen
909 1121 1007 1180 opera
1032 1081 1267 1165 dissoluendam
1291 1092 1349 1166 sibi

120 1229 188 1270 esse
211 1209 331 1289 putauit
344 1231 363 1281 3‘
377 1227 480 1287 neque
504 1207 605 1268 minus
629 1205 678 1267 hic
701 1217 855 1286 apparent
879 1208 994 1275 doctae
1016 1206 1088 1268 illae
1111 1219 1207 1271 notae
1232 1212 1348 1291 margi-

61 1292 65 1307 Ι
120 1315 220 1389 nales‚
260 1335 339 1394 quas
373 1324 480 1375 tamen
511 1313 604 1373 tertia
634 1333 728 1373 manu
767 1334 843 1375 sane
878 1313 1042 1375 nonnullas
1074 1313 1217 1376 exhiberi
1248 1316 1349 1378 faten-

122 1423 197 1483 dum
223 1430 278 1483 est.
324 1421 358 1481 In
382 1419 508 1481 alterius
531 1419 593 1480 folii
617 1418 720 1481 fronte
743 1420 940 1481 inueniuntur
960 1414 1022 1481 ‘est
1043 1420 1352 1487 Antonii'Francisci

121 1527 309 1609 Neapolitae
332 1526 502 1589 Caraccioli
525 1526 611 1587 siculi
636 1535 667 1587 et
691 1527 863 1587 amicorum
888 1546 971 1587 anno
1007 1529 1089 1591 1583
1122 1531 1161 1590 10
1187 1527 1243 1589 cal,
1268 1529 1352 1592 Nou.

120 1634 305 1696 Messanae’.
360 1633 394 1693 ln
426 1652 536 1693 auersa
573 1641 663 1712 parte
700 1632 797 1692 index
831 1633 925 1693 minio
957 1633 1090 1713 scriptus
1121 1633 1181 1696 hac
1219 1635 1351 1714 quidem

120 1739 241 1813 forma:
268 1739 303 1800 L.
321 1738 427 1799 Annei
448 1737 589 1799 Senecae
617 1736 621 1821 1
653 1738 861 1819 Dialogorum
878 1738 946 1801 libri
962 1740 1046 1803 nurir.
1064 1739 1132 1801 XII.
1162 1741 1167 1811 1
1193 1741 1224 1800 in
1241 1741 1352 1821 primis

121 1847 160 1908 ad
177 1846 341 1908 Lucilium.
373 1844 481 1926 Quare
497 1844 599 1925 aliqua
627 1843 630 1927 1
659 1846 865 1906 incommoda
881 1845 972 1908 bonis
996 1848 1067 1908 uiris
1091 1847 1245 1908 accidant.
1279 1868 1352 1910 cum

121 1954 320 2034 prouidentia
349 1953 389 2013 sit
421 1954 425 2028 1
458 1952 499 2011 ad
522 1949 685 2012 Serenum.
724 1972 783 2012 nec
806 1941 956 2013 iniuriam.
994 1973 1053 2014 nec
1085 1949 1090 2036 1
1122 1953 1352 2017 contumeliam

122 2063 264 2140 accipere
287 2059 513 2139 sapientem...
535 2053 540 2140 1
560 2058 601 2118 ad
617 2069 771 2120 nouatum
788 2060 829 2119 de
845 2059 889 2120 ira
904 2057 973 2120 libri
989 2059 1031 2119 III
1060 2057 1064 2140 1
1092 2059 1132 2119 ad
1143 2059 1298 2122 Marciam
1328 2065 1333 2137 1

121 2168 163 2229 ad
187 2164 365 2228 Gallionem
385 2144 430 2225 ¹de
454 2164 517 2225 uita
540 2161 635 2224 beata
663 2167 667 2239 1
695 2165 736 2224 ad
869 2167 909 2225 de
933 2167 1000 2226 otio
1029 2165 1033 2243 1
1061 2166 1102 2226 ad
1126 2163 1285 2227 Serenum
1310 2167 1354 2229 de

122 2270 345 2352 tranquillitate
368 2271 463 2331 animi
499 2267 503 2349 1
539 2270 580 2330 ad
601 2268 762 2330 Paulinum
788 2271 828 2331 de
851 2270 1006 2350 breuitate
1030 2272 1112 2332 uitae
1147 2271 1151 2351 1
1186 2271 1231 2333 ad·
1253 2271 1366 2352 Poly:

121 2379 210 2440 bium
231 2377 235 2457 1
256 2378 298 2439 ad
315 2375 469 2437 Helbiam
479 2385 623 2437 matrem.
656 2373 804 2457 Sequitur
820 2385 999 2439 atramento
1016 2379 1186 2459 seriptum:
1206 2379 1353 2440 eiusdem

121 2480 254 2565 epistola
269 2485 310 2545 ad
327 2483 361 2545 B.
378 2482 516 2543 Paulum.
534 2483 674 2544 eiusdem
686 2481 896 2564 epitaphium;
917 2484 1032 2545 deinde
1044 2486 1156 2545 iterum
1169 2485 1285 2546 minio:
1306 2488 1352 2547 in-

121 2592 196 2672 cipit
212 2590 251 2652 ad
272 2590 346 2651 Luc.
365 2599 396 2650 et
412 2598 470 2650 cet.
501 2590 536 2650 ln
559 2589 749 2669 singularum
766 2591 951 2670 paginarum
972 2599 1062 2670 parte
1077 2583 1236 2670 su‘periore
1253 2570 1354 2654 manu

120 2696 234 2759 saeculi
250 2696 348 2777 quinti
366 2695 478 2757 decimi
493 2694 602 2757 titulus
619 2694 688 2756 libri
703 2704 881 2756 atramento
891 2698 1025 2776 scriptus
1036 2704 1099 2770 est;
1119 2699 1198 2757 inter
1207 2697 1354 2776 singulos

120 2802 217 2864 libros
233 2802 340 2865 titulus
356 2802 451 2863 minio
468 2803 595 2883 antiqua
612 2823 721 2877 manu;
740 2812 815 2881 post
833 2801 994 2882 dialogum
1012 2804 1052 2863 de
1070 2802 1134 2863 uita
1149 2803 1252 2878 beata,
1269 2825 1352 2886 quo-

122 2930 193 2970 cum
217 2909 429 2989 fragmentum
454 2909 495 2970 de
526 2910 591 2970 otio
623 2899 777 2969 artissime
808 2909 1020 2988 coniungitur,
1051 2917 1229 2970 atramento
1254 2930 1355 2972 manu

121 3019 253 3078 recenti:
274 3017 314 3078 de
330 3013 552 3096 tranquillitate
568 3016 669 3076 animi.
702 3015 778 3081 Post
790 3014 952 3092 dialogum
964 3016 1005 3075 de
1020 3013 1239 3096 tranquillitate
1255 3016 1355 3079 animi

22 3164 33 3172 -
122 3130 154 3182 et
177 3122 301 3184 titulum
325 3122 366 3183 de
388 3121 544 3183 breuitate
567 3124 650 3182 uitae
673 3141 735 3182 una
750 3123 866 3209 pagina
882 3142 980 3182 uacua
1004 3130 1059 3182 est.
1106 3119 1253 3201 Sequitur
1276 3098 1361 3202 post.

123 3228 284 3308 dialogum
309 3230 350 3288 de
374 3228 528 3289 breuitate
552 3229 654 3288 uitae:
681 3229 834 3307 incipit..
854 3278 858 3287 .
878 3277 883 3287 .
909 3229 949 3289 de
980 3228 1197 3289 consolatione
1214 3274 1354 3303 .......

123 3335 238 3395 deinde
261 3355 323 3395 una
346 3336 460 3414 pagina
484 3333 533 3394 uel
550 3328 732 3396 oblitterata
748 3333 798 3395 uel
814 3334 934 3407 abrasa,
957 3335 1030 3396 item
1054 3354 1189 3414 sequens
1213 3335 1355 3410 dimidia,

122 3451 194 3503 tum¹
222 3441 318 3501 minio
349 3441 517 3520 scriptum:
552 3440 657 3521 incipit
689 3442 730 3501 ad
762 3440 911 3501 Helbiam
943 3449 1093 3513 matrem,
1134 3440 1191 3499 sed
1222 3440 1354 3520 singulis

122 3548 244 3629 paginis
282 3527 347 3608 non
385 3546 467 3607 ultra
504 3546 632 3626 quidem
671 3567 767 3628 quam
805 3549 944 3627 septenis
979 3546 1223 3625 suprascriptum
1255 3565 1355 3608 manu

62 3653 64 3658 ’
123 3631 259 3717 recenti:
286 3655 327 3714 ad
351 3652 501 3714 Lesbiam
525 3661 659 3714 matrem
693 3655 734 3714 de
766 3673 850 3714 cons.
896 3653 931 3713 ln
962 3651 1026 3713 folii
1049 3651 1236 3731 octogesimi
1268 3655 1354 3714 sexti

123 3768 213 3840 parte
237 3759 370 3821 aduersa
393 3760 473 3821 duae
497 3757 649 3839 epistulae
672 3758 758 3821 Pauli
783 3780 877 3821 manu
901 3760 1019 3820 recenti
1043 3758 1177 3838 scriptae
1193 3767 1289 3831 sunt,
1322 3761 1354 3821 in

124 3875 213 3945 parte
245 3862 368 3928 auersa¹
386 3875 418 3927 et
441 3864 516 3927 folio
548 3867 747 3946 octogesimo
778 3869 915 3945 septimo
947 3875 979 3926 et
1003 3865 1207 3945 octogesimo
1235 3875 1354 3927 octauo

124 3971 260 4052 reliquae
290 3972 440 4053 epistulae
471 3982 503 4034 et
539 3970 733 4053 epitaphium
767 3971 877 4033 litteris
908 3971 1161 4049 Longobardicis
1192 3979 1355 4046 exaratae,

125 4099 167 4140 ex
187 4100 250 4159 qua
265 4081 436 4160 scripturae
452 4079 632 4141 diuersitate
648 4088 788 4160 apparet,
812 4079 864 4159 qui
888 4078 954 4140 fieri
974 4077 1120 4159 potuerit,
1145 4087 1179 4138 ut
1211 4076 1280 4137 Itali
1312 4080 1355 4140 ad

124 4184 302 4247 Fesslerum
334 4188 468 4268 primum
492 4187 679 4259 scriberent,
703 4184 789 4246 Pauli
814 4183 961 4266 epistulas
993 4204 1087 4245 manu
1111 4183 1224 4245 saeculi
1255 4184 1356 4264 quinti

55 4358 57 4362 Α
126 4292 238 4352 decimi
269 4301 415 4355 exaratas
447 4312 533 4366 esse,
571 4293 686 4354 deinde
716 4293 811 4352 iidem
842 4293 1082 4363 adseuerarent‚
1114 4292 1227 4351 eadem
1257 4300 1355 4370 atque

126 4399 269 4460 codicem
293 4420 387 4460 manu
412 4419 481 4460 esse
504 4401 642 4480 scriptas
