3046 5092
479 334 600 377 [ΗΜΛ.
630 336 669 376 DE
685 336 736 376 IRA
752 335 806 376 LlB.
824 336 863 377 111.
895 338 925 383 ib.⁸
1273 344 1314 405 99

77 481 234 563 adposuit
254 491 287 544 et
309 481 444 543 subinde
467 483 607 563 quaesiit,
631 501 670 543 an
694 480 833 564 placeret
849 483 1022 544 conditura.
1055 483 1171 545 deinde
1187 492 1221 545 ut
1244 485 1316 547 satis

42 566 48 573 ’
79 589 172 651 illum
196 587 326 670 plenum
350 588 440 650 malis
462 588 525 650 suis
549 589 635 664 uidit,
658 588 773 651 adferri
797 589 900 671 capita
922 588 1046 651 illorum
1070 591 1155 652 iussit
1179 600 1211 653 et
1234 612 1314 671 quo-

81 697 187 758 modo
219 704 303 757 esset
333 706 482 776 acceptus
513 697 725 776 interrogauit.
772 716 836 756 non
867 695 1033 757 defuerunt
1064 697 1179 758 misero
1209 697 1315 772 uerba,

81 823 150 865 non
181 823 219 865 os
249 803 423 864 concurrit:
458 803 543 885 apud
571 822 694 883 regem,
727 803 838 883 inquit,
870 783 974 864 omnis
997 822 1075 864 cena
1098 804 1233 866 iucunda
1256 814 1312 868 est.

31 924 55 976 2
80 910 162 991 quid
193 909 255 971 hac
284 908 464 972 adrdatione
494 908 646 990 profecit?
686 929 726 971 ne
759 910 801 971 'ad
833 908 975 990 reliquias
1006 909 1195 972 inuitaretur.
1248 929 1340 974 nont»

85 1025 161 1077 ueto
185 1024 311 1097 patrem
335 1018 487 1096 damnare
511 1016 593 1096 regis
616 1017 662 1076 sui
681 1015 807 1091 factum,
830 1036 895 1077 non
918 1024 993 1078 ueto
1010 1036 1160 1098 quaerere
1184 1019 1313 1099 dignam

84 1134 151 1186 tam
175 1124 256 1185 truci
278 1130 428 1205 portento
452 1143 599 1205 poenam,
622 1123 680 1184 sed
702 1122 765 1185 hoc
787 1123 910 1186 interim
934 1122 1070 1205 conlig0,
1100 1144 1195 1206 posse
1219 1126 1313 1188 etiam

84 1250 126 1292 ex
150 1229 331 1311 ingentibus
363 1228 451 1291 malis
482 1238 665 1291 nascentem
696 1229 774 1291 iram
806 1229 959 1292 abscondi
990 1237 1022 1292 et
1045 1231 1087 1292 ad
1118 1230 1215 1293 uerba
1238 1248 1312 1294 con-

56 1337 178 1405 straria
210 1335 269 1398 sibi
292 1336 372 1416 cogi.
417 1337 591 1398 necessaria
613 1336 673 1398 ista
695 1346 744 1399 est
768 1335 885 1399 doloris
909 1336 1088 1412 refrenatio,
1120 1338 1228 1418 utique
1250 1339 1313 1402 hoe

83 1444 202 1508 sortib's
233 1444 316 1505 uitae
347 1462 447 1523 genus
485 1452 517 1505 et
548 1445 589 1504 ad
620 1444 738 1524 regiam
770 1442 918 1505 adhibitis
949 1453 1112 1507 mensam:
1154 1446 1198 1507 sic
1228 1453 1314 1508 estur
1331 1469 1354 1508 ru

84 1551 170 1632 apud
194 1549 277 1625 illos,
300 1550 345 1612 sic
366 1548 496 1625 bibitur,
518 1551 562 1612 sic
585 1553 808 1631 respondetur,
837 1549 996 1612 funeribus
1018 1551 1080 1613 suis
1104 1552 1312 1625 adridendum

84 1666 141 1720 est.
195 1677 236 1718 an
267 1657 344 1718 tanti
380 1657 420 1718 sit
452 1658 516 1718 uita
547 1656 744 1720 uidebimus:
786 1656 846 1719 alia
874 1657 935 1720 ista
964 1659 1107 1738 quaestio
1138 1667 1195 1720 est.
1249 1680 1313 1721 non

86 1763 323 1827 consolabimur
338 1773 404 1826 tam
421 1765 510 1826 triste
526 1763 728 1845 ergastulum,
754 1784 818 1826 non
834 1763 1072 1826 adhortabimur
1087 1764 1168 1827 ferre
1183 1758 1314 1847 imperia
1330 1756 1333 1762 ¹

85 1869 286 1933 carnificum:
320 1873 527 1933 ostendemus
555 1871 585 1932 in
608 1872 695 1933 omni
718 1871 867 1933 seruitute
890 1879 1033 1953 apertam
1061 1871 1196 1933 libertati
1220 1875 1312 1948 uiam,

85 1978 142 2040 nisi
175 1997 272 2058 aeger
303 1979 424 2041 animus
457 1986 512 2040 est.
558 1998 616 2040 suo
648 1979 723 2041 uitio
755 1980 849 2040 miser
881 1986 945 2053 est,
976 1979 1025 2040 cui
1055 1979 1194 2040 miserias
1224 1979 1312 2043 finire
1330 2002 1352 2041 rs

53 2098 195 2152 rsecum
219 2082 299 2147 licet
347 2087 450 2147 dicam
474 2096 505 2147 et
529 2084 585 2160 illi,
617 2087 670 2166 qui
692 2086 723 2146 in
754 2105 862 2165 regem
894 2085 1000 2147 incidit
1030 2085 1152 2166 sagittis
1182 2096 1312 2167 pectora

82 2191 257 2253 amicorum
289 2200 470 2272 petentem,
501 2201 533 2254 et
565 2190 621 2267 illi,
652 2192 737 2254 cuius
769 2192 916 2254 dominus
948 2190 1120 2263 liberorum
1145 2193 1312 2257 uisceribus

81 2307 190 2379 patres
221 2306 358 2359 saturat:
393 2298 468 2378 quid
499 2299 617 2379 gemis,
649 2299 796 2374 demens,
826 2299 901 2379 quid
933 2308 1100 2381 expectaS,
1132 2307 1166 2360 ut
1198 2309 1231 2362 te
1258 2309 1313 2363 aut

82 2403 184 2465 hostis
215 2403 325 2485 aliquis
356 2425 413 2486 per
437 2405 568 2467 exitium
601 2406 704 2486 gentis
727 2414 800 2468 tuae
824 2406 961 2468 uindicet
991 2414 1045 2467 aut
1068 2426 1126 2468 rex
1149 2427 1168 2468 a
1190 2406 1310 2489 longin-

80 2531 148 2592 quo
173 2519 288 2593 potens
312 2510 461 2574 aduolet?
485 2531 687 2594 quocumque
703 2513 887 2593 respexeris,
911 2511 953 2574 ibi
974 2511 1129 2575 malorum
1153 2513 1221 2576 finis
1241 2524 1307 2577 est:
1325 2534 1352 2574 ru

81 2619 173 2680 uides
205 2617 290 2679 illum
321 2618 525 2699 praecipitem
558 2617 683 2680 locum?
723 2618 792 2681 illac
822 2621 863 2681 ad
894 2618 1072 2681 libertatem
1105 2621 1312 2685 descenditur.

79 2724 171 2786 uides
194 2723 269 2785 illud
292 2744 392 2799 mare,
415 2724 490 2787 illud
514 2724 644 2800 flumen,
667 2725 753 2788 illum
777 2729 927 2806 puteum?
959 2725 1087 2788 libertas
1110 2725 1169 2788 illic
1191 2727 1223 2788 in
1246 2727 1311 2790 imo

77 2831 181 2893 sedet.
221 2832 308 2892 uides
332 2829 417 2892 illam
441 2831 589 2894 arborem
612 2832 752 2907 breuem,
776 2833 973 2908 retorridam,
997 2831 1168 2895 infelicem?
1192 2834 1312 2916 pendet

77 2937 154 2999 inde
177 2937 313 2999 libertas.
345 2940 433 3000 uides
449 2939 589 3019 iugulum
606 2948 704 3014 tuum,
728 2948 836 3019 guttur
858 2948 957 3015 tuum,
981 2944 1165 3002 cortuum?
1194 2940 1312 3022 effugia

78 3044 240 3106 seruitutis
270 3053 352 3106 sunt.
405 3045 496 3106 nimis
526 3047 582 3109 tibi
613 3066 768 3128 operosos
798 3047 902 3109 exitus
935 3055 1081 3109 monstro
1112 3056 1152 3112 et
1175 3047 1309 3110 multum
1324 3065 1349 3105 2⁵

76 3149 177 3213 animi
207 3170 245 3211 ac
267 3151 390 3214 roboris
414 3148 596 3233 exigentes?
630 3154 753 3233 quaeris
784 3154 939 3235 quod‘sit
967 3155 1008 3215 ad
1033 3153 1210 3216 libertatem
1233 3155 1308 3216 iter?

76 3254 243 3338 quaelibet
265 3259 296 3318 in
321 3277 454 3338 corpore
477 3266 534 3319 tuo
559 3279 647 3320 uena.

81 3543 93 3592 1
118 3543 234 3606 apposuit
255 3541 282 3607 (p
295 3541 378 3611 prior
398 3541 481 3608 corr.)
567 3545 582 3594 2
603 3542 683 3590 afferri
704 3541 792 3611 (prior
811 3543 823 3590 1
839 3545 923 3606 corr.)
1009 3542 1024 3593 1
1044 3550 1078 3595 no
1098 3560 1126 3593 os
1146 3545 1238 3612 (cora,
1254 3543 1310 3613 suit

79 3629 173 3697 nonos)
264 3631 329 3695 apud
350 3628 376 3695 (d
396 3629 480 3698 corr.)
570 3631 677 3679 iocunda
697 3632 722 3696 (ο
742 3632 826 3697 corr.)
917 3631 1043 3697 ipenam
1133 3635 1226 3698 colligo

79 3716 116 3770 10
135 3719 279 3784 uitaegenus
381 3725 445 3768 estur
464 3715 604 3771 Muretus:
626 3719 704 3769 editur
724 3720 762 3784 (in
781 3734 846 3782 raa,
866 3720 892 3772 in
913 3736 998 3790 Μάνῃ,
1018 3737 1051 3772 m.
1072 3724 1087 3772 4
1108 3735 1129 3775 c.
1149 3725 1224 3786 estur)

79 3807 113 3858 11
130 3807 198 3871 apud
217 3807 244 3871 (d
258 3806 341 3872 corr.)
428 3809 584 3857 arridendum
603 3807 691 3876 (prior
704 3825 715 3856 r
728 3809 810 3873 corr.)
891 3808 923 3861 14
937 3812 961 3859 in
974 3811 1151 3875 omisseruitute
1168 3825 1307 3881 supersor.

77 3903 85 3946 Ῑ
108 3896 161 3944 or'ni
257 3897 340 3960 uiam,·
351 3897 397 3945 nisi
416 3913 489 3962 aeger
508 3898 603 3946 animus
621 3905 663 3948 est.
684 3914 728 3946 suo
746 3899 806 3947 uitio
820 3915 853 3951 m.
870 3914 891 3950 e.
906 3901 944 3949 cui
957 3896 1088 3970 Madut‘q:
1109 3900 1129 3948 si
1143 3915 1200 3969 pro
1218 3902 1264 3950 nisi
1283 3908 1308 3954 ef

76 3986 177 4034 animus
203 3991 226 4033 et
252 3989 278 4036 ef
303 3987 359 4035 huic
381 4001 436 4056 pro
455 3987 493 4034 cui
512 3983 571 4038 cod.
683 3986 714 4038 17
734 3989 841 4045 amicotl
861 3986 923 4055 (ami
941 3988 968 4040 fn
985 3987 1041 4056 fine
1059 4003 1157 4041 uersus
1175 3989 1233 4042 stite
1250 4004 1306 4041 ras.

77 4106 190 4160 addidit
209 4125 243 4162 m.
263 4110 327 4175 sec.)
421 4107 453 4161 18
473 4068 563 4159 demenS
655 4112 691 4176 qd
710 4120 822 4176 expectas
841 4117 866 4162 ut
885 4118 909 4162 te
928 4118 968 4162 aut
988 4111 1066 4178 (daec
1084 4111 1174 4165 omnia
1192 4111 1220 4164 in
1238 4114 1306 4179 ras.)

170 4196 204 4249 19
224 4214 242 4261 p
263 4197 339 4265 (ras.)
423 4200 499 4251 exitir‘l
520 4197 595 4265 (ras.)
689 4199 845 4266 201esperis
869 4201 906 4267 (in
925 4217 1011 4270 marg.
1031 4217 1064 4256 m.
1085 4205 1101 4253 4
1120 4215 1143 4254 0.
1162 4202 1306 4268 respexeris)

167 4303 201 4355 22
215 4305 260 4353 uu
274 4306 302 4370 (rr
316 4306 399 4370 corr.)
413 4322 481 4356 mare
553 4307 612 4354 irus
627 4307 749 4373 (ucorr.)
819 4295 894 4359 iimo
908 4307 1026 4374 (uras.)
1112 4306 1144 4359 23
1160 4309 1306 4358 retorridam

79 4442 245 4500 Piucianus:
266 4393 399 4497 etdrridam
418 4450 518 4517 (potest
536 4465 547 4496 r
566 4454 629 4501 ante
648 4455 671 4498 et
681 4446 786 4516 subse)
859 4449 892 4502 24
911 4450 969 4500 inde
988 4448 1025 4513 (in
1044 4450 1110 4516 ras.)

714 4541 716 4544 .
974 4548 976 4552 ,
1053 4538 1090 4590 7*
