3046 5092
432 336 587 380 ACCIDANT
604 301 667 378 CVM
685 333 892 375 PROVIDENTIA
912 334 968 375 SIT.
989 335 1030 376 111.
1318 343 1335 401 5

119 512 198 574 quae
220 489 353 550 aduersa
377 486 409 548 et
432 483 660 557 abominanda,
690 482 823 563 primum
847 503 906 563 pro
930 481 1003 563 ipsis
1027 501 1096 544 esse
1118 482 1231 564 quibus
1255 484 1336 545 acci-

125 599 206 672 dunt,
226 595 341 656 deinde
356 613 416 674 pro
431 591 588 663 uniuersis,
612 609 747 670 quorum
764 589 863 650 maior
880 589 927 649 dis
943 609 1016 649 cura
1033 610 1127 670 quam
1144 589 1339 669 singulorum

130 714 186 778 est,
211 699 367 782 posthoc
390 696 566 760 uolentibus
590 697 731 758 accidere
755 716 792 757 ac
816 696 934 775 dignos
958 695 1041 757 malo
1066 717 1150 769 esse,
1179 697 1204 756 si
1228 696 1335 758 nolint.

132 809 173 871 his
199 807 325 869 adiciam
361 805 427 867 lato
457 806 518 868 ista
547 805 592 866 sic
621 805 665 864 ire
696 812 728 864 et
759 804 873 864 eadem
903 802 974 882 lege
1005 802 1097 863 bonis
1128 803 1252 864 euenire
1275 823 1338 883 qua

136 923 194 977 sunt
219 913 300 975 boni.
321 918 323 923 '
347 911 546 994 persuadebo
580 910 694 972 deinde
725 910 795 984 tibi,
832 930 872 970 ne
902 929 1052 991 umquam
1084 909 1161 970 boni
1191 910 1246 970 uiri
1280 911 1365 970 nri-⁵

137 1021 250 1082 serearis.
296 1027 403 1101 potest
427 1019 509 1080 enim
533 1019 627 1079 miser
649 1009 717 1091 dici,
740 1036 804 1077 non
827 1025 936 1097 potest
960 1036 1037 1078 esse.

113 1142 124 1191 t
208 1125 424 1187 Difficillimum
448 1145 491 1186 ex
513 1123 660 1186 omnibus
683 1143 765 1204 quae
781 1124 930 1204 proposui
951 1123 1075 1184 uidetur
1091 1123 1178 1203 quod
1202 1124 1337 1202 primum

140 1233 205 1306 dixi,
236 1253 292 1314 pro
329 1232 402 1313 ipsis
438 1251 507 1293 esse
548 1230 661 1311 quibus
698 1231 845 1291 eueniunt
885 1230 943 1291 ista
979 1250 1060 1310 quae
1097 1229 1262 1291 horremus
1281 1266 1283 1272 ,
1302 1250 1339 1291 ac

138 1340 282 1421 tremimus
310 1359 387 1420 pro
418 1339 491 1420 ipsis
521 1346 585 1411 est,
617 1337 729 1418 inquis,
760 1337 791 1397 in
815 1336 942 1397 exilium
966 1337 1078 1417 proici,
1107 1337 1138 1397 in
1162 1346 1337 1416 egestatem

141 1445 241 1520 deduci,
269 1445 386 1508 liberos
417 1445 584 1524 coniugem
608 1442 740 1533 ecferre,
764 1442 935 1522 ignominia
958 1441 1066 1517 adfici,
1097 1441 1269 1504 debilitari?
1313 1443 1377 1502 siu

140 1551 233 1613 miraris
260 1552 339 1613 haec
369 1572 427 1632 pro
458 1551 562 1632 aliquo
594 1571 679 1623 esse,
712 1551 874 1611 miraberis
906 1549 1063 1630 quosdam
1095 1548 1178 1610 ferro
1210 1559 1241 1611 et
1264 1550 1337 1629 igne

139 1659 215 1718 curari
239 1678 295 1721 nec
319 1659 420 1720 minus
444 1657 527 1719 fame
550 1678 587 1718 ac
610 1657 668 1718 siti.
714 1657 770 1718 sed
794 1657 819 1717 si
843 1656 1029 1736 cogitaueris
1053 1665 1171 1730 tecum,
1204 1657 1342 1719 remedii

140 1780 213 1824 causa
232 1764 418 1845 quibusdam
443 1773 474 1825 et
499 1765 565 1825 radi
589 1784 661 1825 ossa
685 1774 716 1824 et
740 1761 801 1842 legi
825 1773 857 1825 et
877 1762 1002 1823 extrahi
1015 1769 1114 1824 ‘uenas
1131 1773 1162 1824 et
1178 1766 1335 1844 quaedam

139 1873 265 1949 amputari
291 1870 436 1932 membra
465 1891 547 1951 quae
574 1871 640 1931 sine
668 1869 763 1931 totius
786 1869 921 1950 pernicie
957 1869 1097 1951 corporis
1120 1869 1249 1931 haerere
1273 1892 1336 1932 non

138 1981 269 2053 poterant,
300 1978 363 2040 hoc
393 1998 521 2059 quoque
553 1978 677 2057 patieris
701 1976 827 2056 probari
851 1976 920 2050 tibi,
951 1976 1109 2056 quaedam
1133 1977 1338 2039 incommoda
1354 1998 1377 2037 rs

138 2097 183 2156 pro
208 2082 248 2145 his
278 2105 348 2146 esse
378 2085 491 2165 quibus
525 2083 681 2157 accidunt,
713 2091 778 2143 tam
811 2102 862 2143 me
894 2081 1036 2144 hercules
1059 2103 1155 2163 quam
1179 2086 1336 2164 quaedam

138 2203 204 2271 quae
212 2190 373 2253 laudantur
389 2199 484 2271 atque
500 2191 655 2277 adpetunt
657 2211 692 2251 ur
708 2198 819 2251 contra
834 2210 890 2250 eos
906 2209 975 2250 esse
993 2210 1074 2270 quos
1093 2189 1195 2251 delect
1183 2199 1336 2265 ttauerun,

137 2289 263 2358 simillima
291 2298 496 2360 cruditatibus
527 2296 626 2359 ebriet
614 2295 793 2389 tatibusque
824 2305 856 2358 et
885 2297 994 2357 ceteris
1019 2317 1106 2377 quae
1138 2306 1251 2358 necant
1281 2319 1337 2378 per

112 2385 223 2482 ³tuulup
225 2414 315 2466 atem.
363 2405 442 2466 inter
473 2403 571 2465 multa
599 2403 767 2484 magnifica
790 2403 934 2465 Demetri
966 2404 1065 2465 nostri
1097 2412 1130 2464 et
1160 2403 1239 2465 haec
1269 2425 1335 2465 uox

138 2511 184 2578 est,
208 2529 306 2591 aqua
333 2530 442 2572 recens
473 2531 562 2585 sum;
595 2518 689 2571 sonat
676 2508 824 2571 tadhuc
854 2518 886 2570 et
915 2508 1053 2571 uibrat
1046 2510 1226 2583 inauribus
1250 2511 1334 2572 meis.
1350 2528 1375 2566 20

138 2608 210 2690 mliii,
238 2618 352 2698 inquit,
376 2615 458 2705 ariz'lzi
479 2615 605 2685 uidetur
625 2615 786 2694 infelicius
808 2636 857 2692 eo,
883 2615 936 2676 cui
956 2615 1041 2676 nilzil
1060 2636 1212 2695 umquam
1235 2617 1340 2677 euenit

138 2715 250 2785 aduersi.
289 2745 355 2786 non
378 2723 462 2784 licuit
486 2724 568 2785 enim
591 2722 633 2785 illi
656 2744 690 2785 se
713 2724 856 2804 experiri.
901 2733 935 2784 ut
959 2744 1000 2784 ex
1025 2732 1102 2785 uoto
1125 2723 1166 2784 illi
1190 2723 1337 2785 fluxerint

139 2828 226 2905 onnia,
248 2841 280 2893 ut
296 2844 368 2892 ante
384 2839 503 2905 uotum,
528 2822 609 2892 inale
630 2839 737 2891 tamen
753 2830 794 2890 de
812 2829 865 2891 illo
889 2830 919 2891 di
934 2830 1165 2892 iudicauerunt:
1192 2831 1337 2912 indignus

139 2929 201 2994 uisus
226 2948 271 3000 est
303 2959 410 3018 aquo
433 2937 610 2999 uinceretur
632 2937 801 3017 aliquando
829 2937 965 3011 fortuna,
997 2958 1078 3018 quae
1101 2938 1335 3018 ignauissimum

139 3055 268 3126 quemque
291 3044 419 3125 refugit,
450 3046 538 3126 quasi
562 3046 661 3119 dicat,
693 3045 768 3125 quid
800 3065 862 3124 ego
893 3046 986 3104 istum
1018 3044 1092 3105 mihi
1121 3046 1336 3106 aduersarium
1351 3058 1376 3097 ²5

139 3144 295 3213 adsumam?
335 3153 441 3213 statim
472 3171 560 3213 anna
590 3151 764 3212 submittet.
810 3171 874 3211 non
906 3171 986 3232 opus
1017 3162 1064 3213 est
1092 3153 1122 3212 in
1152 3151 1237 3212 illum
1267 3162 1337 3214 tota

139 3258 252 3326 potentia
281 3279 362 3320 mea.
417 3257 477 3319 leui
508 3258 742 3319 conminatione
772 3256 912 3338 pelletur.
959 3277 1023 3319 non
1054 3268 1161 3339 potest
1185 3259 1337 3321 sustinere

140 3353 234 3424 uoltum
263 3384 379 3426 meum
426 3366 503 3426 alius
534 3364 800 3445 circumspiciatur
830 3385 902 3425 cum
926 3386 991 3446 quo
1015 3365 1156 3427 conferre
1178 3368 1337 3447 possimus

113 3471 249 3532 inanum
294 3471 394 3551 pudet
418 3449 568 3551 congredi
598 3491 669 3532 cum
697 3466 824 3532 homine
856 3470 936 3533 uinci
966 3481 1084 3553 parato.
1132 3473 1336 3553 ignominiam

141 3563 230 3635 iudicat
256 3577 412 3659 gladiator
443 3597 514 3639 cum
547 3577 690 3638 inferiore
721 3578 857 3659 conponi
889 3588 921 3639 et
952 3580 1009 3640 scit
1040 3577 1112 3640 eum
1144 3581 1209 3640 sine
1238 3555 1337 3660 gloria
1351 3592 1376 3631 ³⁰

140 3656 207 3752 linei,
226 3685 273 3763 qui
296 3684 363 3745 sine
385 3683 523 3764 periculo
541 3683 634 3745 uincit
637 3705 680 3745 ur.
718 3684 803 3746 idem
819 3685 893 3746 facit
908 3684 1048 3747 fortuna·
1075 3685 1262 3748 fortissimos
1278 3686 1336 3749 sibi

140 3795 210 3854 pares
228 3792 354 3870 quaerit,
377 3791 533 3871 quosdam
558 3790 719 3853 fastidiot
706 3792 823 3866 transit,
847 3792 1156 3854 contumacissimum
1178 3814 1335 3874 quemque

142 3889 323 3913 N..-

145 3948 250 4014 laduersa
267 3973 289 4016 et
309 3967 497 4016 abhominanda
516 3967 553 4033 (ln
568 3983 654 4036 marq.
669 3983 703 4022 nl.
718 3967 744 4032 2)
818 3969 900 4019 ediis
972 3968 1043 4031 lire
1061 3975 1085 4018 et
1097 3966 1224 4036 Madut‘q:
1247 3971 1335 4032 eirecte

209 4050 317 4121 bunquai
383 4055 562 4119 llinejestatem
631 4057 664 4108 lu
677 4058 787 4119 heclerre
854 4059 920 4106 allici
990 4059 1020 4110 ,13
1034 4059 1117 4122 qb3dti
1125 4061 1334 4127 pontarasura
1398 4055 1401 4061 ’

210 4175 237 4227 ll
252 4181 353 4242 herere⁸
411 4179 441 4230 17
460 4185 604 4244 appetuntur
675 4181 703 4231 la
722 4134 814 4245 neg'cant
878 4183 1055 4245 ‚puoluntalem
1070 4183 1095 4248 (n
1109 4181 1262 4246 inpcorr.)

142 4251 166 4303 u
181 4260 260 4314 niara.
310 4270 385 4318 nichil
404 4273 486 4334 unqua
558 4272 591 4321 aa
612 4255 770 4335 uusaueli
844 4270 877 4322 ‘23
898 4271 932 4318 an
993 4270 1026 4322 24
1047 4288 1109 4334 aqu,
1130 4270 1334 4338 (mmm.)

143 4427 192 4482 300
209 4352 237 4404 25
249 4373 293 4420 ego
308 4354 361 4410 Et:
378 4374 438 4422 ergo
511 4360 544 4410 :ln
563 4359 632 4409 uultu
706 4361 738 4410 ‘etl
758 4364 845 4423 parato
862 4359 889 4425 (ο
902 4357 930 4410 in
943 4374 998 4413 ras,
1009 4357 1133 4426 fortasse
1148 4357 1206 4427 fuit
1225 4362 1262 4422 us)

188 4446 279 4525 proponi
