3046 5092
216 337 277 398 194
297 360 302 368 1
395 329 475 374 DIAL.
490 329 529 372 IX.
558 331 600 370 AD
615 329 758 371 SERENVM
772 331 813 371 DE
827 329 1093 381 TRANQVILLITATE
1107 330 1204 374 ANIMI.
1233 334 1253 375 1.

1168 406 1192 446 Ο

210 475 315 558 plaqet
336 476 474 538 honores
497 474 661 556 fascesque
682 494 747 536 non
770 474 888 538 scilicet
910 495 1050 556 purpura
1071 485 1126 538 aut
1151 476 1245 557 uirgis
1261 477 1441 552 abductum

210 602 382 664 capessere,
405 583 462 644 sed
486 590 521 644 ut
544 584 650 644 amicis
665 583 911 663 propinquisque
926 590 959 645 et
975 582 1123 645 omnibus
1139 581 1265 656 ciuibus,
1289 582 1441 645 omnibus

210 689 324 750 deinde
356 686 540 751 mortalibus
570 690 708 769 paratior
738 687 903 769 utiliorque
925 690 992 751 sim.
1039 697 1222 771 promptus,
1253 690 1449 773 conpositus⁸

209 814 325 874 sequor
348 795 492 868 Zenona,
517 792 708 867 Cleanthen,
732 792 962 883 Chrysippum,
986 799 1121 875 quorum
1145 803 1253 856 tamen
1275 814 1373 856 nemo
1397 796 1441 857 ad

183 899 436 980 brempublicam
467 903 614 974 accessit,
646 901 703 961 sed
734 919 829 961 nemo
857 919 922 961 non
946 902 1049 962 misit:
1082 900 1136 962 ubi
1158 899 1274 982 aliquid
1297 903 1439 963 animam
1464 916 1494 967 11

209 1004 366 1069 insolitam
390 1009 512 1069 arietari
535 1008 694 1087 percussit,
718 1005 771 1067 ubi
795 1004 910 1086 aliquid
933 1009 1068 1069 occurrit
1091 1016 1146 1071 aut
1160 1008 1332 1087 indignum,
1355 1016 1393 1070 ut
1408 1010 1440 1070 in

209 1114 297 1173 omni
326 1115 390 1174 uita
419 1111 558 1174 humana
588 1111 688 1174 multa
717 1121 805 1186 sunt,
837 1120 891 1173 aut
920 1120 1033 1195 parum
1065 1133 1107 1174 ex
1135 1110 1215 1175 facili
1236 1111 1351 1187 fluens,
1383 1123 1441 1177 aut

209 1216 343 1280 multum
374 1213 528 1301 temporis
556 1238 607 1280 res
637 1238 702 1280 non
731 1237 849 1297 magno
879 1219 1103 1280 aestimandae·
1125 1227 1354 1299 poposcerunt,
1397 1220 1440 1282 ad
1466 1263 1473 1274 ·

209 1325 309 1386 otium
347 1332 518 1386 conuertor
553 1332 586 1387 et
618 1324 891 1404 quemadmodum
930 1323 1097 1404 pecoribus
1134 1323 1271 1404 fatigatis
1308 1344 1441 1406 quoque

171 1444 194 1483 ¹⁰
209 1428 347 1491 uelocior
386 1429 518 1490 domum
556 1429 674 1509 gradus
712 1437 776 1503 est,
814 1427 919 1509 placet
956 1431 1037 1491 intra
1066 1431 1202 1512 parietes
1232 1449 1307 1492 suos
1337 1431 1440 1494 uitam

208 1532 384 1597 cohercere.
421 1554 517 1595 nemo
548 1533 644 1596 ullum
676 1533 795 1597 auferat
820 1534 903 1596 diem
927 1533 1001 1596 nihil
1024 1534 1154 1616 dignum
1174 1544 1266 1598 tanto
1286 1537 1441 1616 inpendio

208 1641 395 1703 redditurus
442 1639 499 1716 sibi
529 1643 595 1721 ipse
626 1642 747 1702 animus
777 1637 924 1715 haereat,
954 1661 989 1702 se
1012 1639 1113 1716 colat,
1144 1639 1217 1702 nihil
1240 1639 1329 1703 alieni
1351 1646 1440 1723 agat,

207 1745 279 1808 nihil
304 1747 391 1827 quod
416 1748 456 1808 ad
480 1746 613 1807 iudicem
634 1754 766 1826 spectet.
797 1754 921 1807 ametur
941 1766 1056 1827 expers
1072 1745 1217 1826 publicae
1232 1749 1441 1828 priuataeque

207 1871 300 1913 curae
323 1851 540 1932 tranquillitas
587 1853 644 1912 sed
669 1850 721 1912 ubi
744 1849 838 1913 lectio
862 1851 972 1914 fortior
988 1855 1089 1914 erexit
1104 1855 1243 1914 animum
1259 1862 1293 1916 et
1308 1852 1440 1916 aculeos
1462 1868 1496 1921 ‘12

171 1974 193 2013 n
208 1957 417 2020 subdiderunt
441 1957 590 2049 exempla
613 1956 743 2032 nobilia,
767 1956 908 2038 prosilire
931 1956 1007 2020 libet
1030 1959 1061 2020 in
1084 1956 1204 2032 forum,
1228 1960 1440 2023 commodare

206 2062 295 2125 alteri
318 2084 440 2138 uocem,
465 2062 553 2126 alteri
576 2083 716 2144 operam,
740 2066 863 2125 etiamsi
886 2061 959 2124 nihil
983 2063 1188 2145 profuturam,
1211 2074 1320 2128 tamen
1339 2086 1438 2129 cona-

206 2178 309 2231 turam
332 2171 494 2250 prodesse,
517 2169 642 2231 alicuius
665 2189 812 2231 coercere
835 2171 865 2230 in
892 2168 962 2231 soro
985 2170 1165 2251 superbiam
1188 2170 1271 2233 male
1290 2175 1439 2236 secundis

206 2275 300 2336 rebus
332 2273 412 2337 elati.
461 2277 492 2336 in
522 2276 631 2337 studiis
661 2283 740 2356 puto
771 2296 823 2337 me
853 2274 996 2337 hercules
1028 2274 1139 2339 melius
1170 2297 1241 2339 esse
1271 2298 1321 2340 res
1351 2279 1438 2360 ipsas
1460 2292 1491 2344 13

206 2384 317 2452 intueri
340 2392 373 2443 et
395 2380 506 2443 harum
531 2402 625 2444 causa
647 2381 750 2464 loqui,
773 2391 915 2444 ceterum
939 2382 1038 2444 uerba
1059 2383 1154 2445 rebus
1177 2386 1378 2464 permittere,
1403 2395 1438 2449 ut

166 2503 192 2542 1ο
205 2507 268 2567 qua
307 2489 471 2563 duxerint,
510 2487 570 2549 hac
599 2486 795 2551 inelaborata
824 2498 974 2570 sequatur
1004 2491 1114 2551 oratio,
1166 2490 1242 2569 quid
1273 2510 1356 2572 opus
1388 2503 1443 2555 est¹

205 2592 336 2655 saeculis
366 2596 516 2657 duratura
547 2597 748 2674 conponere?
780 2597 826 2656 uis
856 2603 890 2657 tu
913 2615 978 2657 non
1000 2596 1033 2657 id
1056 2615 1165 2675 agere,
1197 2605 1293 2658 nete
1315 2601 1438 2677 posteri

205 2704 352 2762 taceant?
377 2703 471 2763 morti
495 2710 587 2763 natus
612 2721 654 2763 es.
700 2703 801 2762 minus
826 2700 1042 2764 molestiarum
1065 2701 1163 2764 habet
1187 2699 1278 2763 funus
1292 2705 1435 2766 tacitum.

205 2808 310 2886 itaque
332 2808 508 2887 occupandi
531 2809 684 2888 temporis
700 2827 802 2882 causa,
826 2811 857 2869 in
873 2828 965 2870 usum
980 2817 1079 2882 tuum,
1102 2827 1167 2869 non
1183 2809 1213 2869 in
1228 2795 1435 2889 praeconium

204 2912 318 2993 aliquid
343 2912 474 2994 simplici
497 2913 568 2975 stilo
591 2914 704 3000 scribe.¹
747 2917 868 2976 minore
886 2913 1002 2987 labore
1024 2934 1104 2994 opus
1121 2923 1169 2977 est
1185 2915 1388 2978 studentibus
1405 2918 1435 2978 in

165 3033 190 3075 11
204 3020 298 3080 diem.
351 3040 455 3081 rursus
495 3019 548 3081 ubi
583 3040 618 3081 se
649 3022 770 3081 animus
802 3022 1029 3101 cogitationum
1061 3021 1278 3098 magnitudine
1307 3020 1434 3098 leuauit,
1453 3031 1487 3086 14

205 3124 388 3186 ambitiosus
411 3128 441 3187 in
464 3125 562 3187 uerba
585 3134 634 3188 est
658 3124 811 3206 altiusque
834 3109 869 3188 ut
891 3128 1009 3207 spirare
1030 3128 1075 3188 ita
1097 3125 1201 3207 eloqui
1223 3129 1322 3207 gestit
1341 3129 1434 3191 etad

205 3232 391 3309 dignitatem
414 3251 519 3292 rerum
542 3231 609 3292 exit
632 3231 742 3316 oratio.
781 3229 898 3292 oblitus
913 3240 982 3294 tum
999 3230 1075 3291 lenis
1090 3232 1315 3312 pressiorisque
1329 3233 1434 3295 iudicii

203 3333 364 3398 sublimius
387 3334 470 3397 feror
493 3345 526 3399 et
549 3339 689 3398 oreiam
713 3356 777 3402 non
801 3356 882 3398 meo.
914 3357 954 3399 ne
976 3335 1099 3417 singula
1121 3337 1236 3399 diutius
1250 3357 1432 3420 persequar,
1452 3354 1484 3407 15

203 3443 234 3503 in
264 3441 411 3505 omnibus
434 3441 529 3504 rebus
552 3441 632 3504 haec
654 3463 707 3504 me
729 3444 870 3523 sequitur
892 3442 997 3505 bonae
1020 3444 1135 3505 mentis
1157 3441 1330 3507 infirmitas.
1376 3453 1433 3509 aut

186 3634 413 3647 1————

311 3813 324 3864 1
352 3770 452 3878 sasclsq:
581 3810 596 3864 3
621 3817 749 3877 promptus
773 3812 923 3878 compositus
943 3810 1108 3865 detertbres:
1136 3818 1236 3878 pmptus
1263 3814 1310 3863 sim
1336 3817 1430 3880 positus
1458 3791 1463 3797 ¹

308 3921 507 3984 compositusque
525 3917 669 3972 scribendo
688 3896 782 3972 Haase
800 3916 990 3972 hexametrum
1011 3915 1101 3987 effecit
1191 3904 1329 3982 breul.

201 4009 245 4057 sed
265 4006 355 4062 Koch:
376 4022 404 4060 si
418 4007 434 4060 r'.
448 4024 470 4062 e.
484 4015 521 4058 set
533 4005 594 4061 cod.
616 4015 639 4057 et
658 4005 741 4077 1111190
832 4006 911 4060 8res
931 4004 1093 4062 deteriores:
1114 4008 1149 4058 rei
1240 4006 1273 4060 11
1300 4007 1428 4073 impendio

202 4115 245 4180 (m.
266 4115 281 4164 3
301 4114 328 4166 in
347 4129 433 4184 marq.
453 4114 522 4184 rep.)
638 4112 671 4164 12
695 4114 780 4163 hereat
877 4112 910 4166 14
934 4130 993 4164 cura
1012 4096 1036 4179 el
1055 4113 1215 4178 tranquillitas
1341 4116 1428 4165 fortior

201 4235 385 4301 torturas).
481 4238 514 4290 16
533 4199 604 4288 eririsi
623 4237 700 4287 nichil
719 4234 828 4303 (lacuna
842 4242 908 4306 post
926 4238 1012 4304 nichil)
1116 4237 1146 4290 21
1176 4252 1327 4302 componere

201 4323 235 4376 22
259 4333 328 4374 natus
347 4341 372 4374 es
392 4323 556 4379 deteriores:
577 4332 701 4375 natusest
791 4323 825 4377 26
849 4326 943 4390 spirare
961 4322 1018 4376 El:
1039 4341 1138 4390 sperare
1227 4322 1262 4378 27
1287 4325 1348 4375 lenis
1369 4323 1423 4377 E':

200 4410 262 4475 legis
350 4411 385 4464 29
404 4419 444 4462 aut
458 4411 533 4466 Koch
553 4413 622 4476 (quin
635 4410 743 4480 Lt'psius
762 4414 843 4477 itaque
858 4410 967 4479 Germ:
989 4413 1028 4462 cui
