3046 5092
435 345 514 387 nint,
530 346 556 387 v.
585 345 626 384 nn
641 345 763 387 rna-niu.
779 343 819 385 ru.
847 345 880 385 as.
895 344 928 386 ar.
1117 325 1128 377 ἶ
1233 350 1294 409 115

40 497 229 564 rationem
253 493 450 554 reddendam
475 491 637 553 uocandus
661 500 716 554 est.
757 489 892 553 faciebat
915 489 979 552 hoc
1001 490 1139 565 Sextius,
1163 500 1196 553 ut
1220 510 1294 552 con-

39 609 230 670 summato
253 600 318 673 die,
351 620 423 661 cum
447 619 481 660 se
504 600 545 660 ad
570 608 756 660 nocturnam
781 601 920 679 quietem
944 602 1132 688 recepisset,
1163 601 1315 661 interro-'

43 717 160 792 garet
182 693 322 769 animum
346 726 455 767 suum:
489 705 577 786 quod
600 704 696 767 hodie
719 704 837 767 malum
862 715 950 768 tuum
974 708 1113 768 sanasti?
1145 709 1200 776 cui¹
1217 709 1294 768 uitio

19 816 239 884 tobstitisti?
279 835 341 894 qua
372 822 463 893 parte
494 811 605 874 melior
635 816 689 874 es?
729 814 868 875 desinet'
884 815 928 874 ira
952 822 984 874 et
1008 814 1204 874 moderatior
1228 817 1294 888 erit,

50 943 149 1007 quae
170 906 248 983 sciet
271 921 328 982 sibi
353 921 470 982 cotidie
493 919 533 981 ad
556 921 694 981 iudicem
719 940 789 981 esse
805 921 1000 981 ueniendum.
1033 922 1200 1001 quicquam
1215 924 1322 1000 ‘ergot

54 1029 223 1112 pulchrius
260 1028 320 1089 hac
356 1029 584 1089 consuetudine
621 1028 801 1087 excutiendi
833 1036 936 1089 totum
969 1027 1076 1088 diem?
1115 1026 1214 1107 qualis
1244 1025 1295 1088 ille

59 1156 196 1201 somnus
220 1145 294 1216 post
318 1136 568 1213 recognitionem
593 1136 638 1194 sui
662 1136 820 1214 sequitur?
852 1154 947 1214 quam
972 1131 1170 1213 tranquillus,
1199 1154 1294 1215 quam

64 1243 148 1307 altus
178 1263 215 1304 ac
245 1241 340 1315 liber,
371 1262 442 1302 cum
475 1250 529 1303 aut
559 1239 704 1301 laudatus
735 1248 783 1303 est
815 1243 937 1302 animus
968 1251 1021 1302 aut
1052 1241 1235 1303 admonitus
1263 1251 1295 1304 et

44 1349 246 1430 lspeculator
268 1351 314 1410 sui
338 1367 512 1428 censorque
535 1354 674 1425 secretus
698 1350 849 1426 cognouit
873 1349 913 1410 de
937 1348 1078 1409 moribus
1101 1351 1184 1410 suis?
1223 1359 1295 1410 utor

30 1465 34 1474 “
72 1457 130 1519 hac
151 1466 312 1539 potestate
335 1466 368 1517 et
391 1456 508 1523 cotidie
535 1455 620 1534 apud
644 1474 696 1515 me
720 1474 846 1541 causam
871 1453 950 1516 dico.
997 1457 1068 1515 cum
1093 1453 1251 1517 sublatum
1277 1475 1334 1516 ero

79 1573 238 1644 conspectu
270 1561 376 1624 lumen
407 1571 455 1623 est
487 1571 519 1623 et
550 1563 701 1622 conticuit
732 1582 813 1629 uxor
845 1564 942 1623 moris
974 1563 1035 1622 mei
1065 1564 1128 1622 iam
1160 1565 1318 1637 conscia,⁵

82 1680 170 1733 totum
193 1671 278 1732 diem
303 1689 427 1730 mecum
452 1676 574 1729 scrutor
598 1666 743 1749 factaque
766 1688 803 1729 ac
827 1669 912 1730 dicta
935 1689 1007 1730 mea
1029 1672 1188 1730 remetior.
1219 1668 1295 1730 nihil

85 1775 145 1839 mihi
166 1779 232 1859 ipse
255 1775 429 1848 abscond0,
454 1775 527 1836 nihil
551 1784 688 1836 transeo
720 1794 816 1854 quare
841 1777 924 1836 enim
941 1777 1108 1856 quicquam
1125 1796 1167 1837 ex
1183 1779 1292 1838 errori-

86 1883 132 1944 bus
152 1887 227 1959 meis
252 1886 391 1957 timeam,
416 1902 486 1944 cum
511 1884 630 1963 possim
648 1883 769 1943 dicere:
797 1883 869 1942 uide
886 1903 926 1943 ne
941 1882 1023 1944 istud
1041 1881 1174 1962 amplius
1190 1881 1292 1957 facias

65 1989 151 2052 lnunc
171 1990 227 2053 tibi
250 1993 392 2070 ignosco.
439 1991 470 2049 in
494 1987 545 2049 illa
569 1989 783 2069 disputatione
807 1990 980 2068 pugnacius
1004 1988 1124 2051 locutus
1148 2005 1191 2051 es·
1229 1990 1293 2053 noli
1309 2010 1334 2048 rr

88 2107 179 2174 postea
201 2098 355 2178 congredi
378 2116 449 2157 cum
475 2097 631 2175 inperitis:
659 2094 770 2157 nolunt
795 2095 923 2170 discere,
948 2099 1000 2176 qui
1025 2083 1196 2177 numquam
1214 2098 1293 2159 didi·

89 2214 182 2266 cerunt.
228 2203 315 2265 illum
354 2202 479 2283 liberius
517 2201 708 2264 admonuisti
747 2223 842 2282 quam
882 2201 1033 2266 debebas,
1084 2205 1191 2284 itaque
1229 2225 1293 2265 non

89 2313 258 2383 emendasti,
282 2311 340 2371 sed
364 2309 531 2370 offen‘disti.
576 2308 617 2369 de
641 2317 748 2369 cetero
772 2310 860 2382 uide,
885 2329 949 2370 non
972 2317 1095 2371 tantum
1120 2331 1159 2371 an
1183 2332 1293 2372 uerum

88 2396 118 2484 sit
141 2417 220 2498 quod
253 2416 346 2489 dicis,
377 2415 434 2476 sed
457 2434 497 2474 an
521 2413 571 2475 ille
595 2415 642 2476 cui
666 2416 779 2476 dicitur
801 2415 866 2476 ueri
889 2417 1010 2504 patiens
1033 2418 1082 2479 sit.
1129 2419 1292 2480 admoneri
1352 2459 1354 2463 -

88 2519 169 2584 bonus
191 2524 328 2604 gaudet:
355 2509 509 2602 pessimus
532 2524 662 2602 quisque
686 2530 842 2583 rectorem
867 2525 1039 2603 asperrime
1062 2526 1187 2604 patitur.
1306 2543 1332 2582 ro

64 2628 72 2679 l
157 2629 319 2691 XXXVII.
365 2628 400 2689 ln
436 2628 580 2689 conuiuio
616 2629 814 2708 quorundam
846 2639 877 2690 te
908 2628 990 2691 sales
1021 2640 1053 2691 et
1084 2633 1114 2691 in
1145 2631 1290 2693 dolorem

88 2741 158 2796 tuum
186 2737 267 2799 iacta
290 2736 389 2797 uerba
411 2734 605 2814 tetigerunt:
639 2736 738 2797 uitare
761 2734 908 2816 uolgares
933 2739 1094 2798 conuictus
1118 2748 1291 2800 memento,

88 2839 195 2906 solutior
225 2853 274 2905 est
301 2853 376 2924 post
399 2845 506 2905 uinum
530 2842 669 2914 licentia,
701 2842 816 2922 quibus
838 2863 878 2904 ne
901 2843 1013 2905 sobriis
1036 2844 1164 2925 quidem
1188 2845 1293 2925 pudor

33 2958 35 2962 ‘
61 2949 131 3008 test.
168 2951 278 3012 iratum
314 2950 417 3011 uidisti
452 2949 588 3011 amicum
624 2959 713 3010 tuum
745 2949 873 3011 ostiario
904 2951 1050 3011 causidici
1082 2949 1207 3012 alicuius
1238 2961 1292 3014 aut

89 3050 176 3130 diuitis,
199 3057 287 3137 quod
310 3057 478 3118 intrantem
496 3064 727 3128 summouerat,
752 3065 784 3117 et
807 3056 873 3137 ipse
888 3077 947 3138 pro
963 3055 1015 3117 illo
1031 3057 1128 3119 iratus
1143 3066 1290 3120 extremo
1305 3075 1332 3114 rs

89 3163 220 3244 mancipio
244 3161 346 3224 suisti:
372 3163 511 3224 irasceris
535 3182 612 3242 ergo
637 3165 795 3224 catenario
819 3165 907 3225 cani?
933 3163 1045 3238 ethic,
1069 3185 1140 3226 cum
1156 3165 1291 3227 multum

61 3259 196 3344 alatrauit,
227 3268 355 3331 obiecto
386 3268 458 3346 elbo
490 3270 686 3330 mansuescit.
732 3270 845 3330 recede
875 3268 999 3351 longius
1030 3279 1062 3332 et
1090 3271 1164 3333 ride.
1210 3292 1292 3334 nunc

90 3367 136 3431 iste
165 3375 296 3457 aliquem
332 3396 366 3438 se
400 3385 509 3457 putat,
549 3377 637 3456 quod
675 3376 814 3438 custodit
851 3375 1042 3457 litigatorum
1074 3378 1167 3441 turba
1196 3379 1291 3440 limen

91 3471 238 3545 obsessum.
284 3503 368 3544 nunc
397 3481 449 3544 ille
485 3483 536 3563 qui
567 3483 647 3544 intra
677 3483 773 3557 iacet,
804 3481 878 3544 felix
911 3483 1149 3566 fortunatusque
1180 3494 1228 3547 est
1259 3496 1291 3548 et

89 3576 156 3652 beati
175 3587 306 3651 hominis
330 3589 446 3651 iudicat
469 3610 506 3650 ac
528 3590 667 3671 potentis
690 3590 837 3666 indicium
854 3589 1011 3652 difficilem
1027 3592 1161 3653 ianuam.
1192 3594 1330 3655 nescitur

91 3683 264 3760 durissimum
288 3717 358 3759 esse
381 3697 495 3758 ostium
518 3695 659 3758 carceris.
698 3715 864 3776 praesume
889 3700 995 3758 animo
1020 3698 1119 3760 multa
1142 3699 1198 3762 tibi
1221 3720 1291 3762 esse
1334 3717 1342 3730 ·

90 3795 220 3869 patienda.
273 3803 419 3884 numquis
454 3823 488 3864 se
518 3802 622 3863 hieme
654 3801 759 3882 algere
792 3804 942 3865 miratur?
982 3806 1125 3885 numquis
1153 3807 1184 3866 in
1213 3808 1290 3868 mari

91 3904 220 3985 nausiare,
247 3911 277 3972 in
302 3912 352 3972 uia
375 3910 519 3971 concuti?
550 3909 638 3971 sortis
670 3918 718 3971 est
749 3911 870 3971 animus
902 3911 942 3971 ad
975 3931 1056 3992 quae
1086 3890 1290 3995 praeparatus

91 4027 151 4042 Ἢ-

153 4039 274 4052 ἢῆ...-

1065 4085 1078 4111 ’ί

92 4120 234 4191 4¹sselio¹res
318 4139 333 4192 5
353 4142 400 4190 sibi
421 4138 585 4193 deteriores:
607 4141 696 4189 sibiet
781 4141 797 4193 tl
817 4144 933 4206 cognouit
955 4140 1052 4195 Gertz:
1074 4145 1203 4221 cognoscit

96 4263 121 4317 ll]
139 4287 187 4338 aput
283 4285 315 4336 12
334 4298 429 4332 mecum
451 4280 554 4351 Nmpe:
575 4299 656 4331 meum
766 4282 793 4334 14
822 4285 883 4332 meis
891 4237 975 4335 attineri
1102 4283 1133 4336 15
1159 4285 1289 4350 pugnatius

56 4441 61 4450 ¹
121 4444 125 4455 .
168 4383 190 4418 es
205 4370 298 4442 uulpo:
320 4378 356 4421 est
459 4371 492 4423 tt
517 4372 636 4436 imperitis
738 4373 771 4424 23
798 4373 885 4436 quibus
903 4389 933 4420 ne
952 4373 1041 4422 sobriis
1062 4374 1163 4438 ,quidem
1189 4371 1285 4426 Gertz:

94 4457 164 4506 quare
178 4461 249 4511 sobris
268 4463 367 4528 quidem

917 4553 1072 4604 ,μ
