3046 5092
158 338 198 399 62
527 331 606 374 DlAL.
622 331 659 374 IV.
686 330 726 370 DE
741 328 793 369 IRA
807 328 862 372 LlB.
877 329 907 371 ΙΙ.
934 332 955 372 9.
972 333 1004 372 10.

156 477 267 559 singuli
290 485 343 539 aut
366 477 457 559 pauci
479 496 591 558 rupere
613 474 739 556 legem?
770 476 908 556 undique
935 473 1020 536 uelut
1047 477 1139 557 signo
1169 476 1246 537 dato
1267 477 1307 537 ad
1327 473 1357 538 ἴε

155 583 305 665 nefasque
327 583 523 646 miscendum
546 583 648 645 coorti
670 590 750 643 sunt.

528 747 584 785 non
607 729 704 802 hesper
727 727 765 784 ab
788 729 892 802 hospite
914 733 999 785 tutus.

316 836 372 873 nen
395 833 478 874 socer
498 836 518 873 a
535 833 655 893 genero.
688 818 825 893 fratrum
849 832 962 890 quoque
981 817 1080 889 gratia
1104 835 1178 873 rara
1200 823 1248 875 est.

116 927 129 966 s
316 906 432 962 inminet
454 906 538 962 exitio
561 907 609 961 uir
630 906 762 977 coniugis,
787 906 840 962 illa
863 905 970 962 mariti.

243 1012 245 1015 ’
316 994 411 1050 lurida
434 995 571 1051 terribiles
593 989 711 1051 misceret
731 995 844 1051 aconita
867 1011 1011 1053 nouercae.

306 1083 391 1160 filius
414 1090 479 1140 aute
501 1083 573 1139 diem
590 1084 702 1158 patrios
725 1083 895 1156 inquiritur
918 1101 1016 1139 annos.

157 1229 189 1282 et
221 1229 319 1302 quota
348 1221 408 1283 ista
438 1242 512 1304 pars
541 1220 706 1284 scelerum⁴
726 1225 794 1283 est?
830 1241 895 1282 non
923 1221 1086 1301 descripsit
1117 1228 1221 1283 castra
1249 1241 1291 1282 ex
1320 1242 1357 1284 un

55 1366 63 1376 ·
157 1335 247 1410 parte
278 1329 434 1390 contraria
464 1337 495 1389 et
532 1330 709 1409 parentium
745 1327 978 1409 liberorumque
1015 1336 1214 1390 sacramenta
1251 1329 1357 1391 diuers:

118 1454 143 1494 10
157 1432 331 1495 subiectam
369 1435 488 1516 patriae
526 1435 601 1496 ciuis
639 1454 733 1496 manu
771 1433 933 1496 flammam
969 1441 1001 1495 et
1033 1434 1161 1514 agmina
1197 1434 1357 1497 infestorui

157 1541 298 1621 equitum
321 1541 363 1601 ad
391 1541 590 1621 inquirendas
612 1540 861 1622 proscriptorum
888 1540 1025 1601 latebras
1049 1540 1357 1603 circumuolitantiar

156 1646 291 1707 uiolatos
315 1645 418 1708 fontes
441 1647 569 1707 uenenis
592 1656 624 1708 et
646 1646 856 1729 pestilentiam
873 1666 968 1708 manu
989 1645 1104 1709 factam
1121 1655 1153 1708 et
1175 1649 1357 1729 praeductar

157 1752 295 1815 obsessis
318 1753 499 1835 parentibus
523 1752 650 1827 fossam,
673 1752 784 1834 plenos
800 1772 942 1814 carceres
959 1761 992 1814 et
1014 1753 1159 1815 incendia
1181 1762 1268 1816 totas
1291 1754 1357 1817 urb<

157 1859 391 1921 concremantia
422 1860 716 1940 dominationesque
746 1858 885 1921 funestas
916 1869 948 1921 et
978 1879 1148 1940 regnorum
1171 1860 1357 1941 publicorun

119 1985 144 2025 u
158 1986 220 2047 que
250 1966 418 2027 exitiorum
450 1965 645 2027 clandestina
675 1965 819 2041 consilia,
858 1973 889 2026 et
921 1985 981 2047 pro
1012 1965 1112 2046 glon'a
1140 1966 1266 2043 habita,
1305 1987 1357 2051 qua

158 2072 308 2152 quamdiu
331 2072 467 2152 opprimi
489 2080 631 2153 possunt,
654 2070 773 2145 scelera
795 2080 879 2146 sunt,
903 2081 1011 2153 raptus
1035 2093 1072 2134 ac
1096 2081 1206 2155 stupra
1230 2082 1263 2135 et
1286 2095 1326 2137 ne
1346 2094 1357 2136 (

158 2178 285 2258 quidem
316 2176 432 2239 libidini
463 2186 643 2259 exceptum.
689 2179 774 2239 adde
802 2198 884 2239 nunc
919 2178 1045 2260 publica
1078 2179 1212 2259 periuria
1228 2233 1231 2236 ,
1243 2180 1357 2260 gentiut

159 2292 191 2344 et
221 2291 313 2364 rupta
343 2282 474 2346 foedera
496 2293 528 2345 et
558 2284 711 2364 praedam
741 2284 898 2346 ualidioris
933 2284 1084 2366 quidquid
1115 2305 1180 2347 non
1219 2287 1357 2355 resisteb:

158 2388 345 2465 abductum,
376 2389 693 2472 circumscriptiones,
726 2389 823 2465 furta,
850 2388 989 2465 fraudes,
1019 2389 1237 2467 infitiationes,
1273 2391 1357 2475 quibr

118 2515 144 2556 ro
157 2495 238 2556 tn'na
260 2515 324 2556 non
347 2495 501 2558 sufficiunt
524 2495 599 2557 sora.
645 2497 670 2557 si
692 2504 815 2558 tantum
839 2496 927 2557 irasci
950 2498 996 2558 uis
1019 2498 1207 2578 sapientem,
1232 2507 1357 2579 quantur

157 2600 310 2663 scelerum
326 2604 493 2683 indignitas
509 2604 615 2683 exigit,
639 2623 703 2664 non
727 2603 923 2665 irascendum
944 2601 993 2677 illi,
1016 2587 1083 2664 sedx
1094 2604 1313 2667 insaniendum
1328 2625 1357 2668 es

246 2708 286 2771 X.
317 2707 397 2770 Illud
420 2711 525 2792 potius
541 2710 704 2791 cogitabis
727 2729 792 2770 non
812 2729 881 2770 esse
896 2708 1092 2770 irascendum
1108 2710 1276 2778 erroribus.
1309 2712 1357 2794 qui

158 2814 250 2890 enim,
274 2816 299 2876 si
322 2817 391 2896 quis
414 2816 563 2878 irascatur
585 2817 616 2876 in
639 2815 776 2878 tenebris
799 2836 910 2898 parum
926 2817 1059 2895 uestigia
1074 2826 1160 2877 certa
1174 2817 1357 2897 ponentibus

158 2921 248 3001 quid,
280 2922 306 2983 si
336 2923 404 3002 quis
434 2924 534 2986 surdis
565 2924 696 3005 imperia
718 2942 783 2983 non
806 2921 1065 2983 exaudientibus?
1104 2923 1192 3002 quid,
1224 2925 1250 2985 si
1272 2905 1357 3007 pueri

117 3045 143 3086 rs
158 3028 245 3108 quod
275 3027 422 3109 neglecto
454 3030 596 3111 dispectu
629 3028 803 3091 officiorum
827 3030 868 3090 ad
896 3027 979 3090 lusus
1003 3037 1035 3090 et
1058 3029 1183 3109 ineptos
1206 3031 1357 3111 aequaliui

157 3133 244 3195 iocos
274 3112 439 3215 spectent?
485 3137 577 3217 quid,
609 3137 634 3197 si
664 3133 813 3198 inbecillis
842 3136 931 3196 irasci
963 3134 1055 3209 uelis,
1088 3136 1175 3216 quod
1205 3145 1357 3217 aegrotan

157 3248 332 3315 senescunt,
355 3221 543 3321 fatigantur?
582 3224 662 3303 inter
690 3250 794 3303 cetera
817 3240 1015 3302 mortalitatis
1037 3236 1244 3303 incommoda
1267 3252 1300 3305 et
1322 3242 1357 3305 hc

158 3353 221 3418 est,
252 3345 354 3426 caligo
386 3349 538 3409 mentium
569 3368 628 3409 nec
658 3355 781 3408 tantum
812 3348 981 3409 necessitas
1005 3347 1137 3420 errandi,
1160 3349 1218 3411 sed
1242 3369 1357 3412 errorur

157 3470 257 3513 amor.
311 3473 351 3514 ne
388 3452 516 3533 singulis
553 3453 708 3529 irascaris,
748 3453 897 3515 uniuersis
928 3453 1156 3533 ignoscendum
1188 3463 1245 3530 est,
1277 3475 1357 3535 gene

80 3593 84 3601 -
117 3573 142 3614 so
157 3555 296 3619 humano
332 3559 423 3620 uenia
458 3560 624 3620 tribuenda
654 3568 709 3621 est.
763 3561 788 3620 si
818 3560 958 3621 irasceris
992 3561 1154 3622 iuuenibus
1184 3562 1357 3642 senibusqu

157 3802 173 3855 2
193 3804 271 3852 coorti
289 3810 330 3855 sut
351 3805 388 3871 (iu
407 3819 473 3867 ras,
489 3803 545 3873 sur't
561 3804 684 3873 fortusse
702 3806 816 3872 coartati)
900 3807 915 3858 ti
935 3807 1057 3874 nouercae
1141 3811 1157 3860 ὅ
1177 3807 1308 3856 describsit

157 3908 186 3940 ex
209 3907 258 3939 una
282 3894 360 3957 parte]
386 3909 415 3941 ex
438 3910 486 3942 uno
512 3911 616 3959 corpore
641 3892 795 3947 dubitanter
819 3892 895 3947 Koch
920 3893 989 3949 toul.
1016 3894 1050 3950 de
1074 3893 1150 3948 clem.
1173 3899 1197 3959 1,
1223 3897 1265 3958 12,
1285 3897 1300 3946 2
1320 3897 1341 3945 si

157 3981 246 4029 hostile
264 3997 354 4029 nomen
374 3982 439 4030 ciues
458 3989 482 4030 et
501 3999 530 4031 ex
549 3984 636 4032 eodem
657 4000 761 4048 corpore
780 3985 877 4048 abrupti
895 3986 1041 4047 transierint,
1060 3981 1135 4053 quod
1146 3983 1305 4053 exemplum
1323 3999 1357 4038 cu

156 4066 219 4120 eliis
237 4067 355 4121 eiusdem
373 4069 483 4138 perieris
507 4069 603 4137 adfert
620 4070 700 4124 Kritz
719 4070 759 4124 ud
780 4070 845 4125 reu.
865 4069 926 4125 Par.
947 4075 971 4140 2,
994 4077 1052 4136 109,
1074 4077 1085 4124 1
1174 4073 1204 4124 11
1226 4075 1356 4138 inquirend

159 4155 255 4210 Gertz:
277 4159 432 4222 conqrendas

156 4241 304 4297 Pincianus
323 4245 429 4299 etalii:
450 4249 561 4299 adductu
648 4249 681 4302 23
702 4257 840 4301 certarum
859 4251 925 4298 circa
944 4247 1004 4302 cod.
1095 4249 1129 4302 2ss
1149 4249 1270 4300 inbecillis
1288 4248 1357 4305 Koel

157 4335 203 4382 illis
223 4332 291 4400 eod,
317 4333 391 4402 quod
410 4331 551 4389 Schultess
574 4336 602 4389 iu
622 4337 676 4386 aliis
695 4341 789 4401 mutat,
812 4334 892 4390 Gertz
918 4337 955 4389 itu
980 4340 1071 4391 tuetur
1089 4344 1118 4391 ut
1131 4342 1200 4408 post
1217 4340 1278 4414 uelis
1298 4337 1357 4393 att

156 4423 197 4485 qui
216 4423 329 4471 labuntur
