3046 5092
238 328 279 388 92
616 323 694 364 DlnL.
710 323 736 365 V.
766 322 806 362 DE
821 324 872 363 IRA
888 325 943 365 LIB.
960 323 1000 365 Ill,
1030 326 1048 365 i.
1064 325 1083 364 8.

236 469 404 530 tristitiam.
451 488 528 548 ergo
553 471 694 530 actiones
726 480 855 531 nostrae
878 490 937 530 nec
960 489 1077 548 paruae
1100 471 1162 530 sint
1191 488 1250 529 nec
1273 468 1411 529 audaces
1435 478 1467 530 et

237 574 397 654 inprobae.
451 577 482 635 in
514 576 650 636 uicinum
682 596 755 655 spes
789 585 891 638 exeat.
954 574 1028 637 nihil
1052 595 1219 649 conemur,
1258 575 1347 655 quod
1387 594 1465 636 mox

237 682 345 760 adepti
367 702 496 762 quoque
519 685 706 743 successisse
730 685 886 743 miremur.

326 787 409 848 VIII.
449 788 571 849 Demus
603 809 751 868 operam,
791 809 831 849 ne
862 791 1052 867 accipiamus
1083 790 1241 861 iniuriam,
1279 790 1356 868 quia
1385 786 1467 849 ferre
1485 803 1522 857 Ι

210 896 401 955 5ηεεείηηη.
433 915 504 955 curn
528 894 741 973 placidissimo
763 905 796 956 et
817 894 965 956 facillimo
989 905 1021 955 et
1045 896 1174 955 minime
1197 896 1293 955 anxio
1317 913 1465 956 moroso-

237 1019 298 1079 que
336 1001 506 1061 uiuendum
545 1011 601 1062 est.
648 1010 812 1062 sumuntur
850 1022 869 1062 a
912 1001 1170 1062 conuersantib'us
1214 1021 1321 1063 mores
1361 1009 1394 1062 et
1432 1011 1466 1062 ut

236 1107 395 1184 quaedam
419 1109 449 1168 in
474 1117 639 1168 contactos
663 1111 805 1187 corporis
829 1111 903 1170 uitia
926 1108 1118 1181 transiliunt,
1148 1109 1193 1169 ita
1225 1109 1349 1169 animus
1382 1107 1467 1170 mala

236 1233 292 1273 sua
315 1216 480 1292 proxumis
503 1217 607 1276 tradit.
645 1215 787 1292 ebriosus
810 1217 1009 1276 conuictores
1032 1217 1063 1276 in
1086 1234 1231 1275 amorem
1255 1216 1334 1274 meri
1357 1215 1464 1277 traxit.
1485 1227 1516 1280 2

236 1320 455 1398 inpudicorum
480 1329 589 1382 coetus
613 1320 728 1382 sortem
753 1342 879 1403 quoque
910 1322 981 1401 icti,
1013 1323 1038 1382 si
1062 1320 1171 1394 liceat,
1194 1322 1296 1381 uirum
1321 1321 1462 1384 emolliit.

199 1442 221 1480 η
236 1427 367 1486 auaritia
397 1429 428 1487 in
460 1431 625 1506 proximos
657 1430 740 1488 uirus
773 1448 863 1488 suum
894 1427 1062 1489 transtulit.
1117 1429 1229 1488 eadem
1262 1448 1304 1488 ex
1337 1428 1463 1489 diuerso

236 1534 316 1593 ratio
348 1535 497 1595 uirtutum
529 1543 593 1606 est,
624 1544 659 1596 ut
683 1554 787 1595 omne,
809 1536 897 1615 quod
928 1555 1035 1595 secum
1058 1533 1178 1595 habent
1203 1536 1360 1614 mitigent.
1407 1555 1464 1600 nec

236 1650 302 1698 tarn
327 1638 495 1702 ualetudini
526 1639 643 1719 profuit
667 1643 751 1702 mitis
779 1644 867 1721 regio
899 1652 932 1702 et
955 1640 1108 1702 salubrius
1131 1640 1254 1701 caelum
1278 1660 1377 1720 quarn
1401 1643 1462 1702 ani-

236 1748 295 1806 mis
330 1767 442 1826 parum
473 1746 570 1808 firmis
608 1750 638 1808 in
669 1748 762 1808 turba
793 1746 923 1808 meliore
955 1749 1079 1808 uersari.
1125 1766 1208 1827 quae
1235 1767 1285 1808 res
1308 1754 1489 1827 quantum3

235 1856 337 1931 possit
359 1852 538 1932 intelleges,
567 1856 592 1914 si
617 1853 730 1915 uideris
754 1853 835 1915 seras
860 1874 987 1934 quoque
1010 1856 1157 1915 conuictu
1181 1862 1292 1915 nostro
1316 1837 1461 1916 mansueff

197 1982 219 2020 u
235 1979 322 2020 scere
352 1959 489 2040 nullique
530 1953 625 2022 etiam
666 1963 782 2022 inmani
820 1961 942 2022 bestiae
974 1962 1036 2021 uim
1076 1980 1165 2021 suam
1204 1980 1408 2039 permanere,
1438 1963 1462 2023 si

235 2067 369 2128 hominis
403 2067 642 2128 contubernium
675 2070 728 2129 diu
758 2087 852 2146 passa
875 2077 932 2129 est.
978 2068 1154 2128 retunditur
1182 2068 1286 2127 omnis
1309 2070 1462 2146 asperitas

234 2173 448 2253 paulatimque
487 2176 567 2235 inter
604 2174 728 2253 placida
758 2174 936 2235 dediscitur.
994 2174 1117 2234 accedit
1155 2172 1232 2246 huc,
1270 2175 1361 2253 quod
1399 2195 1463 2236 non

234 2290 358 2342 tantum
383 2279 532 2359 exemplo
558 2279 669 2341 melior
700 2280 736 2341 fit
759 2282 811 2362 qui
836 2300 907 2340 cum
939 2282 1051 2360 quietis
1074 2278 1256 2341 hominibus
1278 2282 1374 2355 uiuit,
1406 2280 1462 2341 sed

234 2388 321 2466 quod
360 2407 470 2448 causas
508 2389 661 2469 irascendi
700 2407 763 2448 non
794 2390 911 2448 inuenit
949 2406 1007 2447 nec
1046 2388 1155 2448 uitium
1192 2406 1283 2447 suum
1322 2377 1462 2448 exercet.

196 2490 344 2572 aufugere
374 2496 480 2575 itaque
511 2493 642 2556 debebit
673 2496 776 2554 omnis
812 2514 892 2574 quos
931 2495 1111 2554 inritaturos
1150 2493 1344 2554 iracundiam
1376 2495 1462 2554 sciet.

235 2601 287 2678 qui
318 2609 406 2674 sunt,
452 2604 565 2681 inquis,
607 2603 678 2663 isti?
726 2599 816 2661 multi
855 2620 896 2660 ex
937 2602 1028 2661 uariis
1067 2601 1168 2660 causis
1205 2598 1290 2660 idem
1329 2597 1494 2666 facturi:4

130 2756 133 2765 .
157 2691 209 2756 κ’
236 2705 377 2768 offendet
399 2706 606 2787 tesuperbus
622 2716 818 2786 contemptu,
842 2708 934 2766 dicax
959 2705 1159 2779 contumelia,
1183 2705 1328 2785 petulans
1345 2707 1463 2777 Iniuria,

235 2811 347 2872 liuidus
378 2812 590 2893 malignitate,
630 2834 761 2893 pugnax
800 2814 1038 2885 contentione,¹
1059 2821 1210 2873 uentosus
1247 2821 1280 2872 et
1319 2812 1464 2873 mendax

236 2920 381 2980 uanitate.
428 2940 491 2980 non
514 2918 594 2980 seres
618 2940 637 2979 a
660 2921 833 2998 suspicioso
856 2920 969 2991 timeri,
1000 2937 1019 2978 a
1042 2920 1203 2998 pertinace
1227 2919 1316 2992 uinci,
1342 2938 1362 2978 a
1385 2917 1463 2979 deli-

195 3043 220 3083 aa
236 3035 308 3086 cato
332 3024 470 3087 fastidiri.
517 3025 598 3105 elige
621 3025 793 3103 simpliceS,
825 3023 943 3096 facileS,
967 3026 1169 3098 moderatOS,
1193 3026 1245 3105 qui
1269 3026 1349 3087 iram
1373 3033 1464 3086 tuam
1483 3040 1497 3091 5

235 3151 293 3192 nec
324 3141 458 3193 euocent
482 3141 514 3193 et
545 3131 653 3192 ferant.
702 3133 802 3210 magis
834 3129 937 3191 adhuc
960 3131 1135 3209 proderunt
1166 3132 1323 3191 summissi
1348 3140 1382 3193 et
1407 3129 1464 3192 hu-

236 3240 320 3298 mani
344 3250 376 3299 et
400 3237 516 3313 dulces
541 3259 604 3298 non
629 3246 736 3300 tamen
761 3257 860 3317 usque
884 3240 914 3297 in
939 3235 1163 3298 adulationem.
1195 3256 1269 3297 nam
1293 3239 1466 3299 iracundos

236 3347 332 3405 nimia
363 3346 542 3406 adsentatio
575 3344 716 3405 offendit.
771 3354 838 3405 erat
869 3353 954 3404 certe
985 3344 1104 3404 amicus
1135 3353 1244 3404 noster
1274 3343 1321 3403 uir
1350 3343 1501 3417 bonusss

242 3611 250 3659 l
266 3610 366 3676 paruae]
381 3618 440 3661 erat
459 3625 519 3662 cum
533 3609 683 3661 corricerem
696 3610 790 3672 tardae,
809 3605 858 3659 sed
870 3605 934 3660 uide
947 3605 980 3658 de
994 3613 1081 3674 tranq.
1096 3622 1139 3659 an.
1154 3609 1177 3672 3,
1191 3608 1206 3656 2
1221 3623 1325 3670 quorum
1338 3609 1468 3658 maximae

236 3700 259 3746 in
280 3699 380 3747 seducto
400 3701 508 3747 actiones
527 3707 580 3747 sunt
652 3697 735 3748 lneu
755 3694 888 3764 (fuitnec)
962 3697 1110 3760 tlproximis
1130 3696 1195 3758 (imis
1214 3710 1296 3757 corr,
1312 3691 1371 3762 suit
1390 3699 1467 3762 umis)

320 3789 472 3837 conuictores
492 3788 540 3853 (res
557 3794 653 3855 posteri
673 3783 807 3849 additum)
894 3785 908 3835 u
929 3794 994 3845 cetus
1067 3787 1087 3833 si
1107 3785 1179 3832 liceat
1200 3781 1288 3849 Koch,
1309 3791 1333 3832 et
1352 3786 1468 3836 siliceum

236 3872 397 3928 Pincianus:
419 3885 442 3925 et
460 3878 480 3925 si
499 3877 572 3924 liceat
591 3873 649 3928 cod.
672 3871 890 3942 Si'uquluri.r'iiic
903 3872 1049 3926 uerborum
1069 3874 1089 3920 si
1107 3873 1181 3921 liceat
1199 3887 1266 3922 usus
1285 3872 1469 3939 confirmatur

237 3964 303 4016 locis
321 3961 464 4017 simillimis
480 3963 595 4017 Minucii
611 3961 710 4016 Felicis
730 3966 753 4020 8,
775 3965 789 4013 l
810 3963 957 4011 miserentur
970 3964 1052 4011 miseri
1071 3963 1129 4025 ipsi,
1149 3963 1168 4009 si
1188 3961 1224 4009 fas
1243 3968 1286 4021 est,
1305 3963 1468 4013 sacerdotum

237 4060 262 4104 (εἴ
275 4052 392 4106 Aruobii
412 4058 434 4119 l,
450 4060 473 4117 6,
493 4055 646 4104 4Chrislum
667 4094 672 4105 .
693 4094 699 4104 .
720 4053 791 4100 uultis
811 4092 816 4102 .
838 4092 843 4103 .
863 4053 882 4099 si
902 4052 982 4112 liceat,
1001 4053 1128 4098 beluarum
1143 4050 1273 4113 agrestium
1292 4050 1340 4098 ritu
1359 4054 1469 4102 cruentis

237 4144 319 4191 oribus
336 4144 461 4197 mandere.
476 4140 619 4211 particula
637 4148 659 4190 et
673 4137 789 4192 delenda
808 4147 875 4203 erat,
895 4138 970 4208 quod
982 4139 1126 4193 discrimen
1146 4138 1264 4205 ineptum
1283 4136 1357 4190 inter
1374 4139 1469 4190 fortem

236 4236 262 4282 et
280 4233 357 4280 uirum
377 4230 494 4298 inferret
620 4232 647 4282 12
667 4232 732 4279 mitis
754 4226 919 4298 Heruiuper:
942 4231 1005 4279 utilis
1122 4226 1153 4277 13
1172 4228 1190 4293 q
1209 4225 1248 4290 (in
1268 4228 1335 4292 ras.)
1370 4236 1371 4240 ’

240 4338 269 4387 lb
290 4340 309 4386 si
328 4324 409 4387 hornis
436 4339 472 4403 (in
492 4341 559 4405 ras.)
683 4339 713 4390 ,li
734 4325 771 4387 ini
788 4323 808 4403 (l
827 4336 853 4385 iit
873 4336 939 4400 ras)
1068 4335 1095 4383 ln
1115 4313 1185 4398 qleris
1205 4310 1239 4398 (qi
1259 4336 1343 4397 cartul

237 4426 271 4477 20
290 4428 440 4478 iracundis*
466 4425 530 4495 (sicit
548 4428 598 4492 am)
672 4429 705 4479 2‘2
725 4434 749 4476 te
769 4426 805 4491 (in
825 4425 889 4489 ras.)
