3046 5092
230 349 291 409 ¹26
461 342 538 383 DlAL.
555 342 592 384 VI.
622 342 663 382 AD
678 340 820 382 MARClAM
837 341 877 380 DE
892 341 1135 386 CONSOLATIONE.
1163 346 1184 386 b.
1199 345 1219 386 6.

161 529 166 537 ·
224 480 358 564 nescire,
373 489 653 571 vquemadmodum
677 509 712 550 se
736 499 862 570 gerant,
894 487 1062 571 loquantur
1085 488 1200 571 aliquid
1224 510 1333 553 coram
1358 490 1454 553 tede

224 597 329 659 Druso
354 617 393 658 an
416 595 505 671 nihil,
529 618 569 658 ne
592 608 644 657 aut
667 595 783 658 obliuio
808 595 967 658 clarissimi
990 597 1107 658 iuuenis
1130 595 1171 658 illi
1195 595 1288 658 iaciat
1312 597 1454 660 iniuriam
1489 583 1491 587 ἲ

224 715 279 766 aut
309 705 427 767 mentio
452 704 522 767 tibi.
569 711 641 765 cum
673 705 859 766 secessimus
889 715 920 764 et
943 705 972 764 in
997 723 1092 764 unum
1118 706 1340 780 conuenimus,
1372 704 1484 772 sacta2

224 815 289 873 eius
314 813 460 893 dictaque
483 819 603 892 quanto
627 811 739 871 meruit
762 819 909 891 suspectu
934 808 1137 901 celebramus
1176 831 1283 873 coram
1303 820 1338 873 te
1354 811 1455 874 altum

198 919 316 983 anobis
347 919 388 980 de
418 918 470 979 illo
501 917 657 980 silentium
687 927 752 978 est:
788 937 875 978 cares
897 918 1003 998 itaque
1027 917 1168 979 maxima
1190 917 1371 999 uoluptate,
1404 918 1456 980 filii

224 1027 268 1087 tui
291 1024 444 1100 laudibus
468 1045 545 1106 quas
569 1045 632 1085 non
657 1025 769 1086 dubito
792 1025 866 1105 quin
890 1023 940 1085 uel
963 1024 1112 1105 inpendio
1137 1025 1232 1100 uitae,
1261 1026 1286 1087 si
1310 1034 1457 1106 potestas

225 1133 325 1206 detur,
346 1134 378 1193 in
402 1152 515 1193 aeuum
539 1151 634 1192 omne
650 1131 691 1192 sis
707 1141 918 1212 prorogatura
964 1151 1061 1213 quare
1077 1141 1195 1212 patere,
1211 1135 1311 1194 immo
1328 1153 1457 1195 accerse
1477 1148 1493 1201 3

224 1259 403 1312 sermoneS,
435 1238 547 1319 quibus
575 1236 626 1299 ille
648 1250 787 1298 narretur
810 1247 842 1298 et
866 1245 991 1319 apertas
1015 1259 1104 1300 aures
1127 1227 1245 1320 praebe
1268 1240 1310 1301 ad
1334 1260 1456 1301 nomen

225 1347 475 1427 memoriamque
505 1343 556 1406 tilii
586 1345 637 1406 tui.
683 1365 742 1405 nec
772 1343 834 1405 hoc
864 1364 961 1425 graue
993 1346 1123 1406 duxeris
1151 1335 1330 1408 'ceterorum
1355 1368 1459 1423 more,

188 1475 211 1515 ιο
226 1453 278 1534 qui
302 1453 331 1513 in
360 1452 514 1514 eiusmodi
546 1472 619 1513 casu
650 1461 774 1532 partem
806 1450 878 1512 mali
910 1460 1022 1532 putant
1053 1451 1161 1513 audire
1191 1452 1316 1515 solacia.
1372 1467 1499 1519 nunc4

224 1560 388 1622 incubuisti
404 1568 474 1621 tota
489 1561 523 1620 in
540 1559 671 1620 alteram
692 1567 818 1640 ‚partem
835 1567 868 1620 et
883 1558 984 1620 oblita
1000 1557 1164 1620 meliorum
1185 1558 1344 1621 fortunam
1365 1571 1459 1624 tuam

224 1688 287 1749 qua
318 1668 455 1728 deterior
485 1677 533 1729 est
556 1666 698 1747 adspicis.
744 1685 809 1727 non
834 1666 990 1726 conuertis
1013 1674 1045 1726 te
1069 1667 1110 1727 ad
1134 1667 1295 1734 conuictus
1326 1666 1380 1728 filii
1415 1670 1461 1730 tui

224 1794 433 1855 occursusque
465 1775 633 1846 iucundos,
665 1793 728 1832 non
760 1774 801 1833 ad
824 1772 957 1855 pueriles
982 1771 1151 1853 dulcesque
1174 1772 1357 1849 blanditias,
1392 1796 1460 1837 non

225 1883 266 1943 ad
301 1882 493 1943 incrementa
531 1880 716 1941 studiorum.
762 1877 902 1940 ultimam
935 1878 1018 1940 illam
1050 1878 1160 1941 faciem
1193 1901 1295 1942 rerum
1327 1883 1460 1962 premis

187 2009 209 2048 rs
225 1988 281 2064 illi,
313 1999 476 2070 tamquam
508 1989 532 2050 si
563 2008 674 2070 parum
707 1988 774 2069 ipsa
804 2007 861 2069 per
883 2007 917 2048 se
941 1986 1069 2049 horrida
1091 1989 1146 2063 sit,
1177 1989 1330 2070 quidquid
1361 1997 1460 2070 potes

225 2096 376 2177 congeris.
429 2116 484 2170 ne,
525 2095 658 2158 obsecro
696 2104 743 2169 te,
785 2095 978 2174 concupieris
1014 2095 1281 2181 peruersissimam
1313 2094 1460 2176 gloriam,
1473 2111 1497 2176 Ji

225 2201 431 2264 infelicissima
466 2202 570 2264 uideri.
616 2202 706 2263 simul
738 2202 843 2282 cogita
875 2222 937 2261 non
969 2221 1038 2262 esse
1069 2221 1219 2281 magnum
1253 2202 1347 2264 rebus
1380 2224 1458 2285 pro-

225 2312 322 2391 speris
356 2304 470 2371 fortem
508 2329 542 2370 se
578 2329 702 2389 gerere,
741 2309 794 2370 ubi
826 2309 966 2371 secundo
997 2306 1088 2370 eursu
1119 2311 1183 2370 uita
1213 2310 1367 2390 procedit.
1415 2333 1460 2373 ne

225 2415 443 2496 gubernatoris
467 2417 595 2498 quidem
619 2420 720 2478 artem
744 2416 944 2498 tranquillum
968 2435 1055 2506 mare
1079 2425 1111 2477 et
1135 2416 1315 2496 obsequens
1340 2426 1459 2480 uentus

185 2544 210 2583 io
225 2524 382 2585 ostendit:
416 2523 540 2585 aduersi
567 2523 682 2604 aliquid
712 2526 849 2585 incurrat
880 2530 1023 2606 oportet,
1055 2521 1141 2604 quod
1164 2523 1302 2584 animum
1327 2525 1457 2605 probet.

223 2629 356 2711 proinde
386 2651 426 2692 ne
457 2630 637 2692 submiseris
668 2640 717 2705 te,
749 2631 848 2692 immo
871 2639 981 2691 contra
1004 2629 1070 2710 fige
1091 2628 1234 2706 stabilem
1259 2630 1398 2711 gradum
1423 2642 1493 2696 ets

223 2738 374 2819 quidquid
406 2758 537 2799 onerum
568 2759 662 2819 supra
693 2739 805 2799 cecidit
835 2737 970 2812 sustine,
1000 2737 1103 2818 primo
1127 2738 1295 2798 dumtaxat
1318 2739 1456 2819 strepitu

225 2846 401 2906 conterrita.
448 2843 531 2907 nulla
554 2866 588 2906 re
612 2845 711 2907 maior
735 2845 850 2906 inuidia
873 2843 1017 2906 fortunae
1032 2843 1068 2905 fit
1090 2863 1186 2925 quam
1210 2864 1313 2925 aequo
1337 2846 1457 2909 animo

224 2961 297 3032 post
321 2951 398 3013 haec
422 2937 562 3014 ostendit
577 2950 618 3012 illi
634 2952 730 3013 tilium
747 2949 945 3025 incolumem,
963 2950 1101 3012 ostendit
1117 2970 1159 3011 ex
1175 2951 1292 3011 amisso
1308 2960 1456 3032 nepotes.

89 3083 91 3088 ·
184 3077 210 3116 ra
313 3057 370 3119 Vl.
409 3059 513 3120 Tuum
537 3057 606 3133 illic,
630 3059 756 3139 Marcia,
780 3058 942 3138 negotium
967 3067 1086 3131 actum,
1110 3057 1167 3118 tibi
1191 3056 1294 3119 Areus
1319 3058 1455 3121 adsedit.
1477 3071 1512 3122 l'

224 3173 312 3226 muta
341 3184 527 3246 personam:
563 3174 595 3226 te
623 3165 802 3227 consolatus
834 3175 889 3226 est.
936 3166 992 3225 sed
1016 3173 1109 3246 puta,
1141 3164 1275 3238 Marcia,
1307 3173 1456 3246 ereptum

224 3272 279 3334 tibi
310 3272 443 3352 amplius
474 3292 568 3354 quam
586 3268 661 3333 ¹ulla
691 3292 841 3353 umquam
866 3281 968 3333 mater
991 3271 1135 3333 amiserit.
1182 3290 1245 3332 non
1268 3270 1456 3352 permulceo

223 3386 255 3439 te
279 3399 337 3439 nec
360 3387 499 3440 extenuo
523 3377 735 3442 calamitatem
759 3389 865 3441 tuam:
900 3381 925 3441 si
949 3379 1074 3441 fletibus
1092 3378 1157 3440 iata
1180 3379 1351 3453 uincuntur,
1377 3399 1453 3441 con.-

224 3484 367 3547 ieramus.
406 3495 458 3548 eat
482 3490 585 3548 omnis
608 3488 688 3548 inter
710 3485 810 3548 luctus
834 3487 908 3548 dies.
947 3495 1076 3548 noctem
1101 3487 1166 3547 sine
1189 3506 1303 3547 somno
1328 3486 1492 3552 tristitia‘.)

184 3613 209 3651 :³0
224 3602 397 3656 consumat.
443 3595 623 3674 ingerantur
654 3594 791 3656 lacerato
821 3594 941 3675 pectori
972 3613 1082 3654 manus
1105 3602 1138 3655 et
1160 3594 1191 3654 in
1213 3593 1315 3675 ipsam
1339 3590 1455 3655 faciem

224 3840 240 3893 ¹i
264 3842 340 3890 altum
354 3856 424 3894 rinus
437 3840 617 3899 deteriorum:
640 3842 706 3890 aliud
790 3841 805 3892 5
827 3843 935 3890 maxima
949 3839 1113 3895 deteriores:
1135 3842 1243 3890 maxime
1329 3839 1344 3893 'i
1364 3841 1456 3894 ineuir

312 3929 328 3982 8
348 3932 465 3995 inarretur
542 3929 557 3982 9
578 3932 673 3980 duxeris
695 3927 748 3982 Et:
771 3931 859 3980 dixeris
960 3929 992 3982 12
1013 3930 1102 3995 aspicis
1131 3970 1134 3976 .
1202 3929 1324 3980 conuertis
1343 3935 1368 3981 te
1387 3927 1455 3983 Piu-

225 4018 335 4073 ce'rmus:
357 4021 519 4071 conuertistite
622 4019 654 4072 lb
673 4020 708 4068 illi
728 4024 853 4083 tamquam
873 4020 893 4068 si
913 4016 1028 4088 Madm'q
1048 4019 1093 4084 (illi
1113 4031 1239 4083 tamquam
1259 4018 1312 4071 iam
1333 4016 1453 4089 Neam:

224 4110 278 4160 iiiia
302 4111 370 4173 quasi
439 4143 443 4148 -
475 4109 506 4162 li
521 4095 556 4158 ¹in
576 4099 723 4158 felicissima
737 4105 841 4172 codex,
866 4106 939 4161 unde
957 4109 1123 4159 infelicissima
1143 4106 1263 4175 Fickert,
1282 4107 1395 4170 Haase3
1417 4113 1455 4181 iq-

225 4200 390 4249 felicissimam
411 4197 508 4268 uulqo;
536 4196 573 4266 cf.
594 4195 681 4262 Quini.
705 4199 745 4263 12,
766 4200 789 4261 9,
811 4201 846 4249 11‘
869 4199 918 4247 hoc
943 4199 1042 4262 quidem
1062 4199 1115 4262 quis
1133 4199 1262 4247 hominum
1281 4197 1353 4248 liberi
1373 4203 1455 4251 modo

198 4334 203 4345 ,
225 4290 349 4352 sanguinis
374 4290 503 4351 sustineat,
529 4288 639 4353 petulans
663 4303 715 4336 esse
740 4289 773 4336 ad
798 4288 894 4336 alterius
914 4288 1040 4336 arbitrium
1162 4286 1194 4340 18
1213 4287 1302 4336 fortem
1321 4304 1347 4338 se
1365 4305 1454 4354 gerere

227 4375 391 4429 deteriores:
419 4378 483 4429 sorte
501 4393 587 4442 gerere
688 4378 796 4441 secundo
898 4376 927 4427 21
957 4378 1105 4426 summiseris
1208 4375 1243 4429 22
1261 4376 1354 4443 quich

225 4465 259 4520 ‘li
279 4468 426 4518 incolume-a·
529 4467 563 4521 26
583 4467 722 4517 consolatus
742 4463 906 4521 deteriores:
927 4467 1065 4516 consulatus
1168 4464 1202 4522 28
1221 4469 1355 4516 extenuo*
1423 4476 1425 4483 '
