3046 5092
155 333 196 394 68
520 324 653 369 DlAL.IV,
682 327 722 366 DE
737 327 789 367 IRA
803 326 859 369 LlB.
875 326 904 368 11.
936 327 1021 368 fb-l'l.

154 473 277 553 ingenii,
300 471 357 534 sed
381 470 436 533 feri
460 481 491 533 et
515 470 719 533 intractabilis
741 470 869 534 habent.
908 492 1004 533 nemo
1025 479 1131 534 autem
1148 489 1263 552 regere
1279 478 1383 552 potest

156 581 213 641 nisi
236 579 289 660 qui
313 587 345 640 et
368 580 442 658 regi.
489 576 554 639 fere
577 579 682 657 itaque
705 578 836 660 imperia
859 598 956 658 penes
980 598 1035 639 eos
1059 576 1145 640 fuere
1160 574 1310 659 populos,
1332 577 1411 658 qui5

155 686 279 747 mitiore
316 682 404 746 caelo
440 691 576 746 utuntur.
629 684 660 744 in
691 682 808 764 frigora
837 685 1150 765 septentrionemque
1181 681 1382 764 uergentibus

153 793 350 853 inmansueta
372 773 602 870 ingeniaQune
626 797 660 850 ut
683 791 726 852 ait
748 799 853 871 poeta,

579 917 683 973 suoque
703 892 849 957 *simillima
873 899 958 956 caelo.

243 1003 331 1066 XVI.
362 1000 535 1077 Animalia,
567 1003 682 1084 inquit,
706 1003 949 1083 generosissima
971 1000 1143 1075 habentur,
1166 1000 1282 1083 quibus
1307 999 1411 1063 mul-1

154 1119 222 1172 tum
245 1111 326 1172 inest
348 1111 421 1172 irae.
460 1116 542 1170 errat
565 1110 617 1190 qui
640 1128 678 1170 ea
702 1109 733 1170 in
749 1107 932 1189 exemplum
952 1107 1088 1171 hominis
1108 1107 1248 1182 adducit,
1272 1107 1382 1189 quibus

153 1237 213 1298 pro
237 1217 359 1277 ratione
381 1225 430 1277 est
453 1215 594 1298 inpetus:
627 1213 747 1276 homini
776 1235 836 1295 pro
859 1215 966 1294 inpetu
989 1216 1070 1277 ratio
1085 1223 1144 1278 est.
1188 1215 1248 1276 sed
1272 1234 1313 1275 ne
1328 1212 1383 1276 illis

154 1323 283 1404 quidem
315 1321 462 1383 omnibus
493 1322 578 1383 idem
606 1322 754 1402 prodest:
795 1321 955 1405 iracundia
977 1320 1086 1382 leones
1110 1320 1252 1395 adiuuat,
1285 1341 1383 1401 pauor

116 1451 140 1491 ιο
155 1448 279 1503 ceruos,
311 1429 491 1508 accipitrem
522 1428 659 1509 inpetus,
688 1426 870 1499 columbam
898 1426 982 1506 fuga.
1027 1427 1113 1508 quid,
1135 1427 1226 1508 quod
1248 1447 1289 1487 ne
1311 1425 1412 1488 iludt

154 1535 283 1616 quidem
300 1553 409 1595 uerum
426 1541 482 1607 est,
499 1533 621 1614 optima
637 1531 782 1594 animalia
797 1551 867 1593 esse
884 1531 1135 1594 iracundissima?
1152 1530 1251 1594 feras
1266 1542 1383 1614 putem,

154 1640 267 1723 quibus
290 1661 333 1702 ex
356 1649 447 1721 raptu
470 1639 620 1701 alimenta
642 1646 722 1712 sunt,
746 1638 891 1722 meliores
914 1659 978 1719 quo
1002 1640 1152 1700 iratiores.
1198 1639 1382 1720 patientiam

153 1744 345 1808 laudauerim
368 1746 467 1807 boum
492 1753 524 1806 et
547 1765 700 1825 equorum
724 1743 829 1806 frenos
853 1745 1059 1824 sequentium.
1105 1744 1181 1826 quid
1205 1753 1255 1806 est
1278 1754 1382 1806 autem

154 1873 209 1914 cur
246 1851 409 1914 hominem
448 1852 490 1912 ad
528 1859 594 1912 tam
632 1848 764 1912 infelicia
795 1849 945 1931 exempla
975 1870 1120 1925 reuoces,
1160 1871 1234 1912 cum
1264 1849 1383 1913 habeas

115 1984 139 2021 15
154 1959 308 2021 mundum
333 1959 499 2038 deumque,
524 1978 619 2039 quem
643 1978 686 2018 ex
709 1958 856 2018 omnibus
880 1955 1065 2018 animalibus
1080 1966 1116 2018 ut
1134 1955 1222 2018 solus
1237 1957 1382 2031 imitetur,

154 2065 239 2127 solus
269 2063 439 2144 intellegit?
471 2062 704 2145 simplicissimi,
734 2064 849 2144 inquit,
882 2064 1023 2125 omnium
1047 2062 1204 2125 habentur
1235 2062 1411 2126 iracundi3

154 2169 358 2233 fraudulentis
393 2171 476 2231 enim
513 2178 545 2231 et
576 2170 708 2260 uersutis
739 2177 950 2251 conparantur
981 2177 1013 2230 et
1043 2169 1200 2250 simplices
1230 2171 1382 2244 uidentur,

155 2278 228 2358 quia
258 2276 396 2357 expositi
425 2283 506 2337 sunt.
552 2295 632 2355 quos
656 2275 785 2356 quidem
808 2296 874 2337 non
897 2274 1053 2356 simplices
1077 2276 1226 2350 dixerim,
1257 2276 1318 2337 sed
1340 2277 1381 2337 in-

155 2392 274 2445 cautos.
320 2380 433 2458 stultis,
467 2379 632 2443 luxuriosis
664 2381 895 2462 nepotibusque
922 2380 985 2442 hoc
1008 2401 1126 2443 nomen
1148 2381 1330 2463 inponimus
1353 2389 1383 2444 et

115 2512 141 2553 20
156 2489 303 2550 omnibus
327 2488 406 2549 uitiis
429 2507 541 2569 parum
565 2485 692 2550 callidis,

244 2594 346 2656 XVII.
386 2593 517 2669 Orator,
555 2594 665 2675 inquit,
704 2595 800 2655 iratus
825 2577 999 2674 'aliquando
1031 2592 1141 2656 melior
1172 2602 1228 2656 est.
1284 2577 1411 2656 immol

154 2702 293 2763 imitatus
328 2702 450 2763 iratum.
504 2720 577 2761 nam
610 2708 642 2762 et
677 2698 843 2761 histriones
877 2700 908 2761 in
943 2700 1177 2782 pronuntiando
1193 2780 1197 2786 ἡ
1213 2720 1279 2761 non
1318 2701 1383 2762 irati

154 2807 309 2890 populum
333 2815 472 2881 mouent,
495 2798 558 2868 ‘sed
581 2807 695 2867 iratum
723 2807 806 2867 bene
830 2815 978 2885 agentes:
1021 2814 1053 2867 et
1076 2806 1161 2887 apud
1184 2807 1304 2867 iudices
1328 2807 1381 2869 ita-

155 2935 217 2997 que
240 2923 271 2975 et
295 2914 326 2974 in
349 2913 497 2975 contione
520 2921 553 2974 et
576 2912 765 2992 ubicumque
781 2911 871 2973 alieni
886 2913 981 2973 animi
996 2913 1038 2974 ad
1053 2920 1198 2973 nostrum
1221 2912 1382 2975 arbitrium

115 3042 140 3084 rs
156 3021 271 3100 agendi
301 3029 389 3095 sunt,
420 3020 520 3080 modo
543 3020 635 3093 iram,
668 3017 766 3079 modo
791 3026 925 3093 metum,
956 3019 1056 3080 modo
1080 3018 1328 3088 misericordiam
1351 3028 1383 3080 ut

156 3125 220 3188 aliis
243 3128 440 3201 incutiamus,
472 3126 530 3207 ipsi
552 3124 784 3199 simulabimus,
815 3133 848 3186 et
870 3144 966 3206 saepe
988 3125 1020 3186 id
1044 3123 1130 3206 quod
1154 3125 1219 3186 ueri
1242 3124 1383 3188 adfectus

156 3253 220 3293 non
260 3230 450 3306 effecissent,
489 3229 602 3293 efficiet
638 3232 772 3292 imitatio
807 3230 996 3292 adfectuum.
1058 3229 1238 3310 languidus,
1276 3232 1414 3315 inquit,2

156 3338 276 3398 animus
300 3346 357 3412 est,
380 3339 433 3417 qui
455 3338 500 3399 ira
523 3344 617 3400 caret.
669 3356 780 3403 ,uerum
804 3346 865 3411 est,
889 3338 914 3397 si
937 3334 1011 3398 nihil
1034 3335 1132 3397 habet
1154 3337 1199 3398 ira
1222 3323 1384 3400 ualentius.

153 3463 215 3503 nec
245 3441 402 3504 latronem
433 3451 561 3524 oportet
593 3462 662 3504 esse
694 3462 753 3503 nec
782 3443 951 3523 praedam,
982 3462 1042 3504 nec
1065 3443 1305 3505 misericordem
1329 3463 1386 3506 nec

117 3573 142 3614 au
157 3548 326 3611 crudelem.
379 3549 456 3611 illius
494 3550 586 3611 nimis
626 3529 748 3611 mollis*
767 3550 905 3624 animus,
943 3547 1034 3631 huius
1064 3548 1155 3633 nimis
1188 3549 1283 3610 durus
1317 3559 1382 3612 est:

157 3795 171 3847 l
193 3770 251 3860 [leta
348 3797 458 3860 bsuoq3
480 3795 505 3860 (o
524 3793 551 3846 in
572 3794 638 3861 ras.)
743 3794 759 3846 7
778 3795 877 3843 adducit
895 3810 950 3847 non
969 3796 1069 3844 abducit
1088 3792 1148 3846 cod.
1246 3793 1387 3861 8impetus

228 3886 319 3948 impetu
414 3882 448 3935 10
467 3875 528 3932 illud
547 3884 573 3949 (d
592 3897 630 3936 ex
649 3889 658 3931 t
677 3882 760 3948 corr.)
862 3880 894 3933 13
913 3884 990 3932 boum
1009 3881 1175 3936 deteriores:
1195 3884 1291 3932 bonum
1311 3901 1313 3904 ·

160 3973 190 4026 19
210 3967 339 4037 imponim'
361 3969 425 4039 (suff
443 3972 497 4037 inp)
621 3971 654 4023 23
674 3972 740 4036 apud
760 3971 787 4037 (d
806 3971 888 4034 corr.)
1008 3971 1041 4023 26
1061 3972 1206 4020 incutiamus
1225 3973 1325 4025 ceteri:
1351 3975 1388 4022 in·

157 4064 259 4112 cutimus
373 4054 526 4110 semulabim'
546 4057 597 4111 sed
614 4061 692 4114 semul
710 4060 736 4110 rii
757 4073 812 4111 ras.
855 4110 858 4116 ,
934 4061 1033 4109 affectus
1053 4059 1142 4129 (prior
1160 4059 1172 4107 f
1188 4058 1273 4124 corr.)
1332 4073 1348 4119 ’ς

158 4150 191 4202 2ῖ
216 4150 306 4200 efficiet
324 4146 415 4201 Koch:
443 4149 523 4197 effecit
547 4145 607 4200 cod.
625 4145 677 4200 sed
698 4146 825 4216 safrarum
844 4145 954 4200 uidetur
978 4147 1163 4200 necessarium
1187 4161 1248 4200 esse
1270 4153 1391 4218 propter

157 4238 343 4294 simulabimus;
371 4236 540 4290 coniunctum
567 4250 627 4288 cum
653 4251 684 4289 eo
710 4237 828 4285 effecisset
854 4234 1012 4302 defenditur
1030 4235 1112 4288 simili
1129 4234 1188 4288 loco
1208 4233 1300 4300 Quint.
1324 4242 1346 4304 l,
1366 4241 1390 4300 l,

93 4310 95 4315 Ι
159 4328 190 4377 18
217 4329 314 4376 maiora
338 4334 419 4375 tamen
444 4326 526 4390 aliqua
544 4341 604 4390 puer
623 4326 700 4374 discet
726 4327 780 4388 ipso
799 4325 843 4373 illo
862 4341 926 4373 anno
945 4341 993 4388 quo
1013 4306 1110 4375 minora
1130 4325 1256 4374 didicisset

158 4417 265 4465 affectuu
286 4413 375 4484 (prior
394 4416 406 4463 f
422 4416 504 4478 corr.)
578 4413 611 4466 29
630 4414 749 4478 praedam
769 4410 908 4465 Muretus:
930 4413 1064 4477 predonem
