3046 5092
218 343 300 388 man.
314 343 354 387 IX.
384 343 425 384 An
441 341 583 385 SERENVM
599 343 639 384 DE
652 341 919 393 TRANQVILLITATE
934 341 1032 384 ANIMI.
1062 345 1094 385 15.
1112 344 1143 386 lb.
1226 346 1289 408 217

58 487 233 551 hominum
264 491 394 571 negotia
424 487 581 553 simillima
609 489 701 552 initiis
733 508 801 550 esse
831 508 891 550 nec
922 488 1018 550 uitam
1042 487 1166 550 illorum
1190 487 1292 569 magis

19 583 210 666 5sanctam
241 605 296 658 aut
327 615 470 658 seueram
502 616 572 658 esse
602 615 698 689 quam
729 604 929 676 conceptum.
976 591 1083 679 [nihilo
1107 592 1209 679 natus]
1234 593 1291 657 sed
1351 603 1356 613 '

60 705 164 764 satius
188 711 237 764 est
259 701 403 784 publicos
426 722 532 764 mores
555 711 588 765 et
610 701 750 764 humana
772 702 847 764 uitia
869 700 992 782 placide
1016 701 1159 783 accipere
1181 704 1292 766 necin
1379 726 1385 737 ·

59 809 163 871 risum
199 829 258 872 nec
288 809 318 870 in
349 807 493 872 lacrimas
524 809 734 871 excidentem.
788 828 862 871 nam
893 807 1000 870 alienis
1032 807 1121 871 malis
1152 813 1291 892 torqueri

60 924 196 978 aeterna
233 916 361 978 miseria·
386 922 449 991 est,
486 915 592 978 alienis
623 915 771 978 delectari
802 915 904 1010 malis·
922 912 1068 996 uoluptas
1098 914 1286 980 inhumana?
1318 934 1330 972 ⁵
1425 993 1429 1000 ,

60 1022 146 1084 sicut
175 1020 226 1084 illa
256 1021 366 1084 inutilis
396 1020 575 1084 humanitas
606 1022 697 1098 flere,
729 1024 801 1103 quia
831 1021 940 1104 aliquis
970 1019 1066 1083 filium
1099 1021 1226 1098 efferat,
1259 1033 1291 1088 et

20 1145 38 1198 6
60 1127 203 1190 frontem
226 1149 316 1191 suam
340 1127 468 1211 fingere.
514 1129 544 1190 in
567 1129 630 1191 suis
652 1149 780 1210 quoque
803 1127 893 1190 malis
913 1131 957 1190 ita
977 1108 1091 1208 gerere
1103 1150 1138 1191 se
1153 1139 1291 1210 oportet,

61 1243 99 1296 ut
131 1233 234 1297 dolori
264 1243 388 1298 tantum
416 1237 489 1310 des,
522 1244 674 1316 quantum
698 1214 801 1316 poscit
824 1235 919 1310 ratio,
950 1255 1015 1296 non
1038 1244 1189 1316 quantum
1214 1257 1289 1300 con-

60 1344 210 1404 suetudo,
255 1340 396 1423 plerique
419 1341 501 1403 enim
525 1340 669 1403 lacrimas
692 1340 833 1415 fundunt,
857 1349 891 1402 ut
915 1341 1095 1416 ostendant,
1119 1350 1151 1404 et
1174 1345 1290 1406 totiens

60 1451 168 1510 siccos
198 1446 308 1510 oculos
339 1445 476 1523 habent,
507 1448 652 1529 quotiens
675 1456 837 1529 spectator
861 1445 973 1522 deluit,
1004 1455 1094 1529 turpe
1118 1448 1290 1511 iudicantes
1306 1461 1330 1506 1⁰

61 1574 131 1616 non
154 1554 243 1630 flere,
271 1575 343 1616 cum
368 1574 481 1617 omnes
503 1553 626 1617 faciant.
672 1554 755 1617 adeo
778 1554 902 1635 penitus
925 1554 988 1617 hoc
1010 1574 1045 1615 se
1069 1554 1187 1617 malum
1211 1554 1290 1631 fixit,

61 1682 106 1723 ex
136 1659 236 1723 aliena
258 1661 407 1742 opinione
430 1661 584 1744 pendere,
613 1668 647 1722 ut
670 1661 701 1722 in
723 1659 956 1724 simulationem
981 1661 1075 1722 etiam
1099 1682 1149 1722 res
1172 1663 1289 1747 simpli-

61 1767 197 1842 cissima,
220 1766 322 1842 dolor,
345 1769 457 1829 ueniat.

24 1892 36 1940 1
154 1874 241 1936 XVI.
273 1872 437 1954 Sequetur
456 1893 546 1955 pars,
577 1894 658 1954 quae
685 1872 768 1935 solet
791 1893 855 1934 non
878 1873 1025 1937 inmerito
1048 1878 1234 1938 contristare
1257 1886 1290 1940 et

62 1984 94 2042 in
125 1979 364 2042 sollicitudinem
396 1980 563 2048 adducere.
609 1979 662 2041 ubi
692 1980 850 2042 bonomm
881 1981 985 2042 exitus
1016 1980 1089 2043 mali
1116 1990 1205 2058 sunt,
1236 1983 1289 2046 ubi
1306 1999 1329 2038 1⁵

62 2086 213 2150 Socrates
237 2086 360 2167 cogitur
375 2087 405 2146 in
422 2107 546 2148 carcere
562 2087 651 2161 mori,
674 2084 809 2148 Rutilius
824 2087 855 2148 in
872 2085 967 2148 exilio
983 2089 1096 2174 uiuere,
1120 2088 1290 2171 Pompeius

62 2202 95 2255 et
121 2192 233 2256 Cicero
265 2190 429 2254 clientibus
459 2193 521 2254 suis
551 2191 703 2273 praebere
735 2192 905 2268 ceruicem,
937 2192 1019 2256 Cato
1042 2192 1107 2270 ille,
1139 2197 1289 2257 uirtutum

62 2301 135 2362 uiua
157 2301 278 2380 imag0,
302 2298 486 2360 incumbens
508 2297 616 2378 gladio
639 2297 731 2360 simul
754 2299 795 2360 de
818 2318 853 2360 se
876 2319 912 2361 ac
936 2301 978 2361 de
1000 2299 1161 2381 republica
1183 2301 1288 2385 palam

62 2405 175 2481 facere,
191 2424 321 2466 necesse
337 2413 385 2466 est
401 2407 539 2486 torqueri
554 2413 620 2466 tam
636 2404 742 2486 iniqua
756 2405 898 2487 praemia
912 2404 1071 2469 fortunam
1088 2407 1285 2489 persoluere:

62 2521 95 2574 et
126 2512 202 2594 quid
232 2502 302 2573 sibi'
321 2511 452 2592 quisque
483 2511 558 2572 boni
589 2520 711 2593 speret,
742 2531 813 2573 cum
845 2512 952 2575 uideat
981 2513 1119 2595 pessima
1150 2516 1289 2596 optimos
1304 2532 1330 2572 ro

26 2620 148 2701 2pati?
187 2618 264 2701 quid
295 2638 373 2698 ergo
405 2621 474 2679 est?
513 2617 585 2680 uide
612 2619 777 2700 quomodo
805 2619 937 2700 quisque
960 2617 1083 2681 illorum
1106 2619 1226 2696 tulerit,
1257 2630 1290 2683 et

10 2711 12 2719 ’
61 2701 86 2787 si
117 2723 217 2787 fortes
240 2722 378 2799 fuerunt,
411 2724 549 2805 ipsorum
573 2723 643 2786 illos
666 2725 772 2786 animo
795 2725 949 2787 desidera
994 2726 1020 2786 si
1043 2725 1234 2789 muliebriter
1258 2736 1290 2790 et

61 2833 175 2912 ignaue
198 2830 373 2913 perierunt,
404 2829 478 2892 nihil
502 2831 600 2914 periit.
646 2838 700 2892 aut
723 2830 809 2911 digni
833 2840 920 2906 sunt,
953 2853 1088 2914 quorum
1112 2834 1209 2895 uirtus
1232 2833 1290 2896 tibi
1341 2903 1343 2907 Α

61 2936 202 3020 placeat,
232 2945 287 2999 aut
317 2937 451 3017 indigni,
479 2958 614 3019 quorum
639 2938 835 3000 desideretur
857 2939 988 3017 ignauia.
1035 2940 1110 3021 quid
1133 2942 1216 3004 enim
1240 2952 1289 3006 est

60 3044 181 3126 turpius
212 3059 311 3124 quam·
338 3045 364 3106 si
395 3043 527 3106 maximi
557 3045 612 3105 uiri
643 3043 772 3106 timidos
803 3043 923 3107 sortiter
954 3047 1120 3109 moriendo
1151 3045 1287 3112 faciunt?
1302 3064 1328 3107 us

32 3165 44 3216 3
62 3151 227 3214 laudemus
250 3150 366 3212 totiens
390 3152 522 3232 dignum
546 3149 689 3224 laudibus
705 3159 738 3212 et
753 3152 914 3214 dicamus:
948 3160 1038 3214 tanto
1055 3151 1173 3230 fortior,
1197 3142 1288 3219 tanto

61 3256 199 3320 felicior!
226 3276 339 3318 omnes
355 3256 490 3337 effugisti
507 3278 606 3332 casus,
622 3256 762 3332 liuorem,
779 3257 937 3321 morbum.
968 3259 1061 3321 existi
1077 3280 1120 3321 ex
1136 3263 1288 3325 custodia.

61 3384 124 3425 non
156 3372 191 3425 tu
214 3363 327 3442 dignus
350 3361 435 3425 mala
457 3360 582 3424 fortuna
605 3364 653 3425 dis
676 3363 760 3425 uisus
783 3384 833 3440 es,
863 3365 922 3426 sed
945 3365 1106 3444 indignus,
1131 3369 1169 3430 'in
1192 3390 1287 3450 quem

63 3574 75 3625 1
95 3573 225 3624 simillima
243 3571 303 3627 cod.
323 3573 412 3622 similia
431 3570 515 3642 uulqo
605 3572 622 3625 2
642 3575 756 3626 ,nichilo
775 3580 827 3632 nat3
847 3573 908 3628 cod.
928 3573 1029 3629 inclusi
1043 3574 1112 3631 llaec
1129 3577 1215 3634 uerba
1226 3594 1287 3633 cum

61 3659 191 3716 Fickerto
215 3665 242 3716 et
259 3658 410 3728 Maduipin
437 3659 563 3728 quamuis
588 3658 757 3719 dubitantem
784 3666 844 3715 erat
863 3678 923 3716 cum
942 3663 1092 3718 contererem
1110 3668 1188 3716 nihilo
1207 3670 1287 3718 minus

61 3752 134 3800 satius
153 3756 189 3800 est
280 3749 296 3802 6
315 3750 370 3801 filiu
388 3747 457 3812 cod,
476 3764 531 3802 non
550 3749 626 3798 filiam
717 3749 734 3802 7
753 3752 873 3816 itagerere
891 3751 931 3818 (in
944 3767 1031 3823 marq.
1045 3769 1079 3809 m.
1092 3769 1146 3808 rec.
1161 3757 1195 3805 ita
1213 3773 1287 3821 agere

61 3878 85 3941 se
103 3890 212 3957 oportet)
303 3888 418 3956 8poscit
437 3890 500 3939 ratio
519 3886 659 3943 Muretus:
680 3893 760 3956 poscit
852 3892 883 3945 11
911 3850 962 3944 filit
1052 3894 1286 3950 151s01ncitudine

179 3979 222 4029 ubi
240 3976 300 4033 cod.
319 3984 345 4029 ut
362 3976 459 4048 eulqm
484 3975 587 4032 codices
604 3975 717 4034 lectione
735 3995 773 4034 ex
786 3986 870 4050 parte
888 3981 1065 4052 commutetur
1082 4000 1153 4053 quae
1170 3981 1285 4055 Maduiq

63 4083 219 4156 disputauit,
237 4082 288 4138 sed
305 4083 387 4137 totius
404 4084 538 4138 enuntiati
553 4085 685 4139 rationem
703 4093 778 4141 reete
789 4089 939 4159 perspexit
1029 4091 1062 4143 18
1086 4078 1159 4144 re.13.

62 4173 95 4226 20
119 4174 180 4223 boni
199 4169 292 4227 Koch:
318 4190 382 4223 nunc
407 4171 468 4233 cod,
487 4172 538 4227 sed
559 4189 610 4228 nee
633 4175 762 4245 temporis
785 4175 947 4247 siqnifieatio
970 4178 997 4231 in
1015 4176 1087 4232 hune
1105 4178 1192 4233 locum
1211 4179 1297 4234 cadit,

63 4268 87 4315 et
104 4277 189 4333 aeqre
207 4259 397 4315 desideramus
415 4261 490 4332 quod
507 4263 572 4316 uoci
587 4266 694 4329 pessima
713 4271 868 4335 opponatur
958 4267 992 4320 22
1011 4269 1094 4318 animo
1113 4284 1173 4322 eum
1192 4268 1285 4322 codice

63 4346 198 4422 Madm'q2'
212 4352 308 4400 animos
321 4347 404 4421 uulpo
494 4352 528 4405 23
546 4351 729 4423 periituulqo:
750 4356 813 4420 perit
902 4355 936 4408 27
955 4373 1040 4409 omnes
1055 4354 1151 4418 Gertz:
1172 4362 1286 4420 homines

149 4455 223 4514 casus¹
238 4437 403 4502 deteriorem
425 4457 506 4503 cassus
577 4440 612 4495 28
631 4444 700 4504 essed
720 4443 748 4511 (d
766 4458 838 4508 corr,
857 4443 887 4501 in
904 4444 947 4521 t).
