<?xml version="1.0" encoding="UTF-8"?>
<!DOCTYPE html PUBLIC "-//W3C//DTD XHTML 1.0 Transitional//EN"
    "http://www.w3.org/TR/xhtml1/DTD/xhtml1-transitional.dtd">
<html xmlns="http://www.w3.org/1999/xhtml" xml:lang="en" lang="en">
 <head>
  <title>
</title>
<meta http-equiv="Content-Type" content="text/html;charset=utf-8" />
  <meta name='ocr-system' content='tesseract 3.04.00' />
  <meta name='ocr-capabilities' content='ocr_page ocr_carea ocr_par ocr_line ocrx_word'/>
</head>
<body>
  <div class='ocr_page' id='page_1' title='image "./lannaeisenecaed00vahlgoog_0078.png"; bbox 0 0 3046 5092; ppageno 0'>
   <div class='ocr_carea' id='block_1_1' title="bbox 492 315 1331 397">
    <p class='ocr_par' dir='ltr' id='par_1_1' title="bbox 492 315 1331 397">
     <span class='ocr_line' id='line_1_1' title="bbox 492 315 1331 397; baseline 0.013 -33"><span class='ocrx_word' id='word_1_1' title='bbox 492 325 572 366; x_wconf 76' lang='lat' dir='ltr'>mnu.</span> <span class='ocrx_word' id='word_1_2' title='bbox 593 325 633 367; x_wconf 88' lang='lat'><em>111.</em></span> <span class='ocrx_word' id='word_1_3' title='bbox 655 324 695 364; x_wconf 77' lang='lat' dir='ltr'>ua</span> <span class='ocrx_word' id='word_1_4' title='bbox 714 315 764 365; x_wconf 75' lang='lat' dir='ltr'>uui</span> <span class='ocrx_word' id='word_1_5' title='bbox 784 326 839 370; x_wconf 79' lang='lat' dir='ltr'>uia.</span> <span class='ocrx_word' id='word_1_6' title='bbox 860 328 877 369; x_wconf 86' lang='lat'>1.</span> <span class='ocrx_word' id='word_1_7' title='bbox 897 331 917 370; x_wconf 82' lang='lat' dir='ltr'>a.</span> <span class='ocrx_word' id='word_1_8' title='bbox 937 333 958 369; x_wconf 86' lang='lat'>4.</span> <span class='ocrx_word' id='word_1_9' title='bbox 1290 337 1331 397; x_wconf 82' lang='lat'>39</span> 
     </span>
    </p>
   </div>
   <div class='ocr_carea' id='block_1_2' title="bbox 96 459 1404 3621">
    <p class='ocr_par' dir='ltr' id='par_1_2' title="bbox 96 459 1404 3621">
     <span class='ocr_line' id='line_1_2' title="bbox 137 459 1331 556; baseline 0.003 -22"><span class='ocrx_word' id='word_1_10' title='bbox 137 459 272 550; x_wconf 85' lang='lat' dir='ltr'>utramque</span> <span class='ocrx_word' id='word_1_11' title='bbox 311 472 424 532; x_wconf 88' lang='lat' dir='ltr'>dicitur</span> <span class='ocrx_word' id='word_1_12' title='bbox 460 471 542 533; x_wconf 82' lang='lat' dir='ltr'>feras</span> <span class='ocrx_word' id='word_1_13' title='bbox 580 471 668 531; x_wconf 85' lang='lat' dir='ltr'>irasci</span> <span class='ocrx_word' id='word_1_14' title='bbox 707 491 765 531; x_wconf 93' lang='lat' dir='ltr'>nec</span> <span class='ocrx_word' id='word_1_15' title='bbox 802 471 910 533; x_wconf 89' lang='lat' dir='ltr'>iniuria</span> <span class='ocrx_word' id='word_1_16' title='bbox 947 472 1087 535; x_wconf 90' lang='lat' dir='ltr'>inritatas</span> <span class='ocrx_word' id='word_1_17' title='bbox 1118 495 1178 536; x_wconf 90' lang='lat' dir='ltr'>nec</span> <span class='ocrx_word' id='word_1_18' title='bbox 1207 495 1331 556; x_wconf 90' lang='lat' dir='ltr'>poenae</span> 
     </span>
     <span class='ocr_line' id='line_1_3' title="bbox 138 576 1372 657; baseline 0.004 -19"><span class='ocrx_word' id='word_1_19' title='bbox 138 576 265 638; x_wconf 90' lang='lat' dir='ltr'>dolorisue</span> <span class='ocrx_word' id='word_1_20' title='bbox 304 577 394 638; x_wconf 90' lang='lat' dir='ltr'>alieni</span> <span class='ocrx_word' id='word_1_21' title='bbox 433 597 535 638; x_wconf 91' lang='lat' dir='ltr'>causa.</span> <span class='ocrx_word' id='word_1_22' title='bbox 581 598 655 639; x_wconf 84' lang='lat' dir='ltr'>narn</span> <span class='ocrx_word' id='word_1_23' title='bbox 694 579 816 639; x_wconf 90' lang='lat' dir='ltr'>etiamsi</span> <span class='ocrx_word' id='word_1_24' title='bbox 854 577 934 640; x_wconf 90' lang='lat' dir='ltr'>haec</span> <span class='ocrx_word' id='word_1_25' title='bbox 972 579 1118 657; x_wconf 82' lang='lat' dir='ltr'>efficiunt,</span> <span class='ocrx_word' id='word_1_26' title='bbox 1158 602 1222 642; x_wconf 94' lang='lat' dir='ltr'>non</span> <span class='ocrx_word' id='word_1_27' title='bbox 1253 580 1333 644; x_wconf 88' lang='lat' dir='ltr'>haec</span> <span class='ocrx_word' id='word_1_28' title='bbox 1366 618 1372 627; x_wconf 93' lang='lat'><strong>·</strong></span> 
     </span>
     <span class='ocr_line' id='line_1_4' title="bbox 114 682 1333 768; baseline 0.007 -28"><span class='ocrx_word' id='word_1_29' title='bbox 114 688 227 764; x_wconf 80' lang='lat' dir='ltr'>lpetunt</span> <span class='ocrx_word' id='word_1_30' title='bbox 270 682 328 744; x_wconf 90' lang='lat' dir='ltr'>sed</span> <span class='ocrx_word' id='word_1_31' title='bbox 367 684 537 745; x_wconf 91' lang='lat' dir='ltr'>dicendum</span> <span class='ocrx_word' id='word_1_32' title='bbox 569 693 617 745; x_wconf 89' lang='lat' dir='ltr'>est</span> <span class='ocrx_word' id='word_1_33' title='bbox 646 683 727 745; x_wconf 82' lang='lat' dir='ltr'>feras</span> <span class='ocrx_word' id='word_1_34' title='bbox 766 685 810 745; x_wconf 88' lang='lat' dir='ltr'>ira</span> <span class='ocrx_word' id='word_1_35' title='bbox 848 705 954 746; x_wconf 87' lang='lat' dir='ltr'>carere</span> <span class='ocrx_word' id='word_1_36' title='bbox 993 695 1024 746; x_wconf 91' lang='lat' dir='ltr'>et</span> <span class='ocrx_word' id='word_1_37' title='bbox 1063 687 1170 748; x_wconf 87' lang='lat' dir='ltr'>omnia</span> <span class='ocrx_word' id='word_1_38' title='bbox 1206 698 1333 768; x_wconf 88' lang='lat' dir='ltr'>praeter</span> 
     </span>
     <span class='ocr_line' id='line_1_5' title="bbox 107 790 1331 872; baseline 0.004 -22"><span class='ocrx_word' id='word_1_39' title='bbox 107 795 123 848; x_wconf 87' lang='lat'>&#39;.</span> <span class='ocrx_word' id='word_1_40' title='bbox 136 790 276 852; x_wconf 90' lang='lat' dir='ltr'>hominem.</span> <span class='ocrx_word' id='word_1_41' title='bbox 321 811 397 850; x_wconf 88' lang='lat' dir='ltr'>nam</span> <span class='ocrx_word' id='word_1_42' title='bbox 422 811 493 851; x_wconf 91' lang='lat' dir='ltr'>cum</span> <span class='ocrx_word' id='word_1_43' title='bbox 515 791 555 852; x_wconf 92' lang='lat' dir='ltr'>sit</span> <span class='ocrx_word' id='word_1_44' title='bbox 579 791 702 852; x_wconf 90' lang='lat' dir='ltr'>inimica</span> <span class='ocrx_word' id='word_1_45' title='bbox 723 791 850 866; x_wconf 89' lang='lat' dir='ltr'>rationi,</span> <span class='ocrx_word' id='word_1_46' title='bbox 878 813 1033 872; x_wconf 83' lang='lat' dir='ltr'>nusquam</span> <span class='ocrx_word' id='word_1_47' title='bbox 1057 802 1164 854; x_wconf 89' lang='lat' dir='ltr'>tamen</span> <span class='ocrx_word' id='word_1_48' title='bbox 1187 794 1331 869; x_wconf 91' lang='lat' dir='ltr'>nascitur,</span> 
     </span>
     <span class='ocr_line' id='line_1_6' title="bbox 136 895 1373 978; baseline 0 -22"><span class='ocrx_word' id='word_1_49' title='bbox 136 896 176 957; x_wconf 92' lang='lat' dir='ltr'>nisi</span> <span class='ocrx_word' id='word_1_50' title='bbox 197 895 244 956; x_wconf 90' lang='lat' dir='ltr'>ubi</span> <span class='ocrx_word' id='word_1_51' title='bbox 266 897 380 958; x_wconf 90' lang='lat' dir='ltr'>rationi</span> <span class='ocrx_word' id='word_1_52' title='bbox 402 897 490 958; x_wconf 89' lang='lat' dir='ltr'>locus</span> <span class='ocrx_word' id='word_1_53' title='bbox 513 906 569 958; x_wconf 91' lang='lat' dir='ltr'>est.</span> <span class='ocrx_word' id='word_1_54' title='bbox 616 898 739 978; x_wconf 83' lang='lat' dir='ltr'><strong>inpetus</strong></span> <span class='ocrx_word' id='word_1_55' title='bbox 762 898 883 960; x_wconf 91' lang='lat' dir='ltr'>habent</span> <span class='ocrx_word' id='word_1_56' title='bbox 898 899 992 974; x_wconf 85' lang='lat' dir='ltr'>ferae,</span> <span class='ocrx_word' id='word_1_57' title='bbox 1015 899 1143 977; x_wconf 86' lang='lat' dir='ltr'>rabiem,</span> <span class='ocrx_word' id='word_1_58' title='bbox 1166 899 1331 976; x_wconf 87' lang='lat' dir='ltr'>feritatem,</span> <span class='ocrx_word' id='word_1_59' title='bbox 1360 917 1373 956; x_wconf 82' lang='lat'>5</span> 
     </span>
     <span class='ocr_line' id='line_1_7' title="bbox 136 988 1332 1085; baseline 0.005 -24"><span class='ocrx_word' id='word_1_60' title='bbox 136 988 280 1064; x_wconf 83' lang='lat' dir='ltr'>incursum:</span> <span class='ocrx_word' id='word_1_61' title='bbox 308 1004 386 1064; x_wconf 92' lang='lat' dir='ltr'>iram</span> <span class='ocrx_word' id='word_1_62' title='bbox 410 1004 539 1083; x_wconf 89' lang='lat' dir='ltr'>quidem</span> <span class='ocrx_word' id='word_1_63' title='bbox 563 1024 626 1064; x_wconf 94' lang='lat' dir='ltr'>non</span> <span class='ocrx_word' id='word_1_64' title='bbox 644 1006 744 1082; x_wconf 82' lang='lat' dir='ltr'>magis</span> <span class='ocrx_word' id='word_1_65' title='bbox 760 1025 855 1084; x_wconf 91' lang='lat' dir='ltr'>quam</span> <span class='ocrx_word' id='word_1_66' title='bbox 872 1003 1036 1067; x_wconf 83' lang='lat' dir='ltr'>luxuriam.</span> <span class='ocrx_word' id='word_1_67' title='bbox 1084 1007 1161 1067; x_wconf 92' lang='lat' dir='ltr'>etin</span> <span class='ocrx_word' id='word_1_68' title='bbox 1177 1006 1332 1085; x_wconf 89' lang='lat' dir='ltr'>quasdam</span> 
     </span>
     <span class='ocr_line' id='line_1_8' title="bbox 114 1106 1334 1192; baseline 0.005 -24"><span class='ocrx_word' id='word_1_69' title='bbox 114 1106 286 1189; x_wconf 73' lang='lat' dir='ltr'>luoluptates</span> <span class='ocrx_word' id='word_1_70' title='bbox 314 1109 609 1190; x_wconf 83' lang='lat' dir='ltr'>intemperantiores</span> <span class='ocrx_word' id='word_1_71' title='bbox 637 1109 766 1172; x_wconf 90' lang='lat' dir='ltr'>homine</span> <span class='ocrx_word' id='word_1_72' title='bbox 796 1120 876 1173; x_wconf 87' lang='lat' dir='ltr'>sunt.</span> <span class='ocrx_word' id='word_1_73' title='bbox 928 1132 993 1172; x_wconf 92' lang='lat' dir='ltr'>non</span> <span class='ocrx_word' id='word_1_74' title='bbox 1025 1121 1073 1173; x_wconf 91' lang='lat' dir='ltr'>est</span> <span class='ocrx_word' id='word_1_75' title='bbox 1103 1115 1191 1192; x_wconf 91' lang='lat' dir='ltr'>quod</span> <span class='ocrx_word' id='word_1_76' title='bbox 1222 1113 1334 1174; x_wconf 90' lang='lat' dir='ltr'>credas</span> 
     </span>
     <span class='ocr_line' id='line_1_9' title="bbox 136 1211 339 1294; baseline 0.025 -22"><span class='ocrx_word' id='word_1_77' title='bbox 136 1211 164 1273; x_wconf 93' lang='lat' dir='ltr'>illi</span> <span class='ocrx_word' id='word_1_78' title='bbox 180 1216 223 1294; x_wconf 93' lang='lat' dir='ltr'>qui</span> <span class='ocrx_word' id='word_1_79' title='bbox 245 1216 339 1278; x_wconf 89' lang='lat' dir='ltr'>dicit:</span> 
     </span>
     <span class='ocr_line' id='line_1_10' title="bbox 363 1327 1074 1402; baseline 0.001 -21"><span class='ocrx_word' id='word_1_80' title='bbox 363 1345 420 1382; x_wconf 88' lang='lat' dir='ltr'>nan</span> <span class='ocrx_word' id='word_1_81' title='bbox 443 1334 514 1400; x_wconf 83' lang='lat' dir='ltr'>aper</span> <span class='ocrx_word' id='word_1_82' title='bbox 534 1327 624 1382; x_wconf 79' lang='lat' dir='ltr'>irasci</span> <span class='ocrx_word' id='word_1_83' title='bbox 644 1327 777 1398; x_wconf 81' lang='lat' dir='ltr'>niaminit,</span> <span class='ocrx_word' id='word_1_84' title='bbox 803 1345 859 1383; x_wconf 87' lang='lat' dir='ltr'>nan</span> <span class='ocrx_word' id='word_1_85' title='bbox 871 1327 967 1402; x_wconf 82' lang='lat' dir='ltr'>fidere</span> <span class='ocrx_word' id='word_1_86' title='bbox 991 1345 1074 1383; x_wconf 72' lang='lat' dir='ltr'>caasa</span> 
     </span>
     <span class='ocr_line' id='line_1_11' title="bbox 363 1416 1373 1490; baseline 0.002 -21"><span class='ocrx_word' id='word_1_87' title='bbox 363 1432 448 1470; x_wconf 82' lang='lat' dir='ltr'>carna</span> <span class='ocrx_word' id='word_1_88' title='bbox 470 1433 520 1471; x_wconf 83' lang='lat' dir='ltr'>nec</span> <span class='ocrx_word' id='word_1_89' title='bbox 543 1416 679 1472; x_wconf 70' lang='lat' dir='ltr'>armentis</span> <span class='ocrx_word' id='word_1_90' title='bbox 701 1416 845 1471; x_wconf 80' lang='lat' dir='ltr'>incarrere</span> <span class='ocrx_word' id='word_1_91' title='bbox 859 1416 990 1490; x_wconf 80' lang='lat' dir='ltr'>fartibus</span> <span class='ocrx_word' id='word_1_92' title='bbox 1013 1417 1080 1474; x_wconf 83' lang='lat' dir='ltr'>arsi.</span> <span class='ocrx_word' id='word_1_93' title='bbox 1348 1447 1373 1485; x_wconf 70' lang='lat'>10</span> 
     </span>
     <span class='ocr_line' id='line_1_12' title="bbox 135 1513 1330 1599; baseline 0.008 -27"><span class='ocrx_word' id='word_1_94' title='bbox 135 1513 199 1574; x_wconf 83' lang='lat' dir='ltr'>irasci</span> <span class='ocrx_word' id='word_1_95' title='bbox 220 1516 290 1577; x_wconf 93' lang='lat' dir='ltr'>dicit</span> <span class='ocrx_word' id='word_1_96' title='bbox 314 1518 440 1591; x_wconf 88' lang='lat' dir='ltr'>incitari,</span> <span class='ocrx_word' id='word_1_97' title='bbox 463 1519 590 1599; x_wconf 86' lang='lat' dir='ltr'>inpingi.</span> <span class='ocrx_word' id='word_1_98' title='bbox 636 1519 724 1579; x_wconf 80' lang='lat' dir='ltr'>irasci</span> <span class='ocrx_word' id='word_1_99' title='bbox 747 1519 875 1598; x_wconf 93' lang='lat' dir='ltr'>quidem</span> <span class='ocrx_word' id='word_1_100' title='bbox 900 1539 964 1578; x_wconf 92' lang='lat' dir='ltr'>non</span> <span class='ocrx_word' id='word_1_101' title='bbox 988 1519 1088 1598; x_wconf 77' lang='lat' dir='ltr'>magis</span> <span class='ocrx_word' id='word_1_102' title='bbox 1111 1520 1213 1580; x_wconf 90' lang='lat' dir='ltr'>sciunt</span> <span class='ocrx_word' id='word_1_103' title='bbox 1235 1540 1330 1599; x_wconf 89' lang='lat' dir='ltr'>quam</span> 
     </span>
     <span class='ocr_line' id='line_1_13' title="bbox 113 1619 1331 1699; baseline 0.007 -20"><span class='ocrx_word' id='word_1_104' title='bbox 113 1619 276 1698; x_wconf 77' lang='lat' dir='ltr'>lignoscere.</span> <span class='ocrx_word' id='word_1_105' title='bbox 320 1632 409 1684; x_wconf 89' lang='lat' dir='ltr'>muta</span> <span class='ocrx_word' id='word_1_106' title='bbox 429 1623 575 1685; x_wconf 88' lang='lat' dir='ltr'>animalia</span> <span class='ocrx_word' id='word_1_107' title='bbox 590 1623 734 1685; x_wconf 89' lang='lat' dir='ltr'>humanis</span> <span class='ocrx_word' id='word_1_108' title='bbox 750 1623 925 1685; x_wconf 86' lang='lat' dir='ltr'>adfectibus</span> <span class='ocrx_word' id='word_1_109' title='bbox 942 1634 1058 1699; x_wconf 88' lang='lat' dir='ltr'>carent,</span> <span class='ocrx_word' id='word_1_110' title='bbox 1082 1625 1201 1686; x_wconf 86' lang='lat' dir='ltr'>habent</span> <span class='ocrx_word' id='word_1_111' title='bbox 1225 1635 1331 1688; x_wconf 90' lang='lat' dir='ltr'>autem</span> 
     </span>
     <span class='ocr_line' id='line_1_14' title="bbox 134 1726 1332 1822; baseline 0.008 -38"><span class='ocrx_word' id='word_1_112' title='bbox 134 1726 221 1789; x_wconf 87' lang='lat' dir='ltr'>similes</span> <span class='ocrx_word' id='word_1_113' title='bbox 249 1728 306 1791; x_wconf 92' lang='lat' dir='ltr'>illis</span> <span class='ocrx_word' id='word_1_114' title='bbox 338 1731 495 1810; x_wconf 89' lang='lat' dir='ltr'>quosdam</span> <span class='ocrx_word' id='word_1_115' title='bbox 527 1730 685 1811; x_wconf 89' lang='lat' dir='ltr'>inpulsus:</span> <span class='ocrx_word' id='word_1_116' title='bbox 720 1730 835 1812; x_wconf 86' lang='lat' dir='ltr'>alioqui</span> <span class='ocrx_word' id='word_1_117' title='bbox 865 1732 905 1822; x_wconf 81' lang='lat' dir='ltr'>si¹</span> <span class='ocrx_word' id='word_1_118' title='bbox 923 1751 1014 1792; x_wconf 89' lang='lat' dir='ltr'>amor</span> <span class='ocrx_word' id='word_1_119' title='bbox 1044 1732 1074 1791; x_wconf 94' lang='lat' dir='ltr'>in</span> <span class='ocrx_word' id='word_1_120' title='bbox 1105 1731 1161 1791; x_wconf 92' lang='lat' dir='ltr'>illis</span> <span class='ocrx_word' id='word_1_121' title='bbox 1185 1743 1276 1805; x_wconf 83' lang='lat' dir='ltr'>esset,</span> <span class='ocrx_word' id='word_1_122' title='bbox 1300 1742 1332 1793; x_wconf 91' lang='lat' dir='ltr'>et</span> 
     </span>
     <span class='ocr_line' id='line_1_15' title="bbox 135 1833 1327 1925; baseline 0.007 -34"><span class='ocrx_word' id='word_1_123' title='bbox 135 1833 216 1894; x_wconf 89' lang='lat' dir='ltr'>odium</span> <span class='ocrx_word' id='word_1_124' title='bbox 242 1846 334 1898; x_wconf 89' lang='lat' dir='ltr'>esset.</span> <span class='ocrx_word' id='word_1_125' title='bbox 381 1837 406 1897; x_wconf 91' lang='lat' dir='ltr'>si</span> <span class='ocrx_word' id='word_1_126' title='bbox 429 1838 571 1925; x_wconf 79' lang='lat' dir='ltr'>amicitia,</span> <span class='ocrx_word' id='word_1_127' title='bbox 596 1846 628 1899; x_wconf 96' lang='lat' dir='ltr'>et</span> <span class='ocrx_word' id='word_1_128' title='bbox 651 1837 801 1900; x_wconf 81' lang='lat' dir='ltr'>simultas</span> <span class='ocrx_word' id='word_1_129' title='bbox 847 1838 872 1898; x_wconf 90' lang='lat' dir='ltr'>si</span> <span class='ocrx_word' id='word_1_130' title='bbox 897 1838 1057 1912; x_wconf 89' lang='lat' dir='ltr'>dissensi0‚</span> <span class='ocrx_word' id='word_1_131' title='bbox 1082 1847 1114 1898; x_wconf 92' lang='lat' dir='ltr'>et</span> <span class='ocrx_word' id='word_1_132' title='bbox 1137 1839 1327 1900; x_wconf 89' lang='lat' dir='ltr'>concordia:</span> 
     </span>
     <span class='ocr_line' id='line_1_16' title="bbox 134 1941 1372 2024; baseline 0.006 -25"><span class='ocrx_word' id='word_1_133' title='bbox 134 1956 239 2016; x_wconf 91' lang='lat' dir='ltr'>quorum</span> <span class='ocrx_word' id='word_1_134' title='bbox 262 1941 367 2023; x_wconf 90' lang='lat' dir='ltr'>aliqua</span> <span class='ocrx_word' id='word_1_135' title='bbox 389 1944 420 2003; x_wconf 93' lang='lat' dir='ltr'>in</span> <span class='ocrx_word' id='word_1_136' title='bbox 443 1943 500 2005; x_wconf 88' lang='lat' dir='ltr'>illis</span> <span class='ocrx_word' id='word_1_137' title='bbox 523 1964 651 2024; x_wconf 92' lang='lat' dir='ltr'>quoque</span> <span class='ocrx_word' id='word_1_138' title='bbox 671 1953 782 2005; x_wconf 87' lang='lat' dir='ltr'>extant</span> <span class='ocrx_word' id='word_1_139' title='bbox 799 1944 937 2023; x_wconf 86' lang='lat' dir='ltr'>uestigia,</span> <span class='ocrx_word' id='word_1_140' title='bbox 962 1952 1102 2004; x_wconf 89' lang='lat' dir='ltr'>ceterum</span> <span class='ocrx_word' id='word_1_141' title='bbox 1119 1943 1330 2006; x_wconf 88' lang='lat' dir='ltr'>humanorum</span> <span class='ocrx_word' id='word_1_142' title='bbox 1347 1967 1372 2006; x_wconf 81' lang='lat'>15</span> 
     </span>
     <span class='ocr_line' id='line_1_17' title="bbox 112 2047 1332 2132; baseline 0.006 -28"><span class='ocrx_word' id='word_1_143' title='bbox 112 2047 269 2122; x_wconf 81' lang='lat' dir='ltr'>lpectorum</span> <span class='ocrx_word' id='word_1_144' title='bbox 293 2051 422 2132; x_wconf 90' lang='lat' dir='ltr'>propria</span> <span class='ocrx_word' id='word_1_145' title='bbox 448 2050 534 2111; x_wconf 90' lang='lat' dir='ltr'>bona</span> <span class='ocrx_word' id='word_1_146' title='bbox 557 2050 703 2130; x_wconf 90' lang='lat' dir='ltr'>malaque</span> <span class='ocrx_word' id='word_1_147' title='bbox 727 2060 806 2112; x_wconf 91' lang='lat' dir='ltr'>sunt.</span> <span class='ocrx_word' id='word_1_148' title='bbox 852 2049 926 2110; x_wconf 96' lang='lat' dir='ltr'>nulli</span> <span class='ocrx_word' id='word_1_149' title='bbox 954 2051 1010 2111; x_wconf 92' lang='lat' dir='ltr'>nisi</span> <span class='ocrx_word' id='word_1_150' title='bbox 1038 2049 1156 2110; x_wconf 90' lang='lat' dir='ltr'>homini</span> <span class='ocrx_word' id='word_1_151' title='bbox 1181 2070 1332 2111; x_wconf 89' lang='lat' dir='ltr'>concessa</span> 
     </span>
     <span class='ocr_line' id='line_1_18' title="bbox 134 2154 1329 2239; baseline 0.005 -27"><span class='ocrx_word' id='word_1_152' title='bbox 134 2154 271 2229; x_wconf 85' lang='lat' dir='ltr'>prudentia</span> <span class='ocrx_word' id='word_1_153' title='bbox 294 2165 350 2230; x_wconf 88' lang='lat' dir='ltr'>est,</span> <span class='ocrx_word' id='word_1_154' title='bbox 374 2158 582 2239; x_wconf 86' lang='lat' dir='ltr'>prouidentia,</span> <span class='ocrx_word' id='word_1_155' title='bbox 607 2156 775 2237; x_wconf 84' lang='lat' dir='ltr'>diligentia,</span> <span class='ocrx_word' id='word_1_156' title='bbox 800 2157 960 2236; x_wconf 83' lang='lat' dir='ltr'>cogitatio.</span> <span class='ocrx_word' id='word_1_157' title='bbox 1007 2177 1065 2217; x_wconf 90' lang='lat' dir='ltr'>nec</span> <span class='ocrx_word' id='word_1_158' title='bbox 1088 2165 1211 2217; x_wconf 89' lang='lat' dir='ltr'>tantum</span> <span class='ocrx_word' id='word_1_159' title='bbox 1237 2159 1329 2218; x_wconf 90' lang='lat' dir='ltr'>uirtu-</span> 
     </span>
     <span class='ocr_line' id='line_1_19' title="bbox 134 2256 1333 2342; baseline 0.008 -28"><span class='ocrx_word' id='word_1_160' title='bbox 134 2256 195 2319; x_wconf 85' lang='lat' dir='ltr'>tibus</span> <span class='ocrx_word' id='word_1_161' title='bbox 221 2260 363 2323; x_wconf 90' lang='lat' dir='ltr'>humanis</span> <span class='ocrx_word' id='word_1_162' title='bbox 394 2263 552 2337; x_wconf 89' lang='lat' dir='ltr'>animalia,</span> <span class='ocrx_word' id='word_1_163' title='bbox 591 2264 648 2332; x_wconf 84' lang='lat' dir='ltr'>sed</span> <span class='ocrx_word' id='word_1_164' title='bbox 679 2264 775 2324; x_wconf 90' lang='lat' dir='ltr'>etiam</span> <span class='ocrx_word' id='word_1_165' title='bbox 815 2263 893 2324; x_wconf 89' lang='lat' dir='ltr'>uitiis</span> <span class='ocrx_word' id='word_1_166' title='bbox 932 2261 1090 2342; x_wconf 91' lang='lat' dir='ltr'>prohibita</span> <span class='ocrx_word' id='word_1_167' title='bbox 1128 2272 1208 2325; x_wconf 89' lang='lat' dir='ltr'>sunt.</span> <span class='ocrx_word' id='word_1_168' title='bbox 1262 2272 1333 2324; x_wconf 90' lang='lat' dir='ltr'>tota</span> 
     </span>
     <span class='ocr_line' id='line_1_20' title="bbox 134 2360 1364 2448; baseline 0.008 -28"><span class='ocrx_word' id='word_1_169' title='bbox 134 2360 229 2428; x_wconf 90' lang='lat' dir='ltr'>ilorum</span> <span class='ocrx_word' id='word_1_170' title='bbox 251 2378 285 2430; x_wconf 91' lang='lat' dir='ltr'>ut</span> <span class='ocrx_word' id='word_1_171' title='bbox 309 2378 401 2431; x_wconf 86' lang='lat' dir='ltr'>extra</span> <span class='ocrx_word' id='word_1_172' title='bbox 431 2370 475 2430; x_wconf 90' lang='lat' dir='ltr'>ita</span> <span class='ocrx_word' id='word_1_173' title='bbox 504 2370 584 2431; x_wconf 87' lang='lat' dir='ltr'>intra</span> <span class='ocrx_word' id='word_1_174' title='bbox 615 2369 718 2431; x_wconf 80' lang='lat' dir='ltr'>forma</span> <span class='ocrx_word' id='word_1_175' title='bbox 749 2369 906 2430; x_wconf 89' lang='lat' dir='ltr'>humanae</span> <span class='ocrx_word' id='word_1_176' title='bbox 937 2368 1092 2429; x_wconf 89' lang='lat' dir='ltr'>dissimilis</span> <span class='ocrx_word' id='word_1_177' title='bbox 1121 2377 1183 2430; x_wconf 88' lang='lat' dir='ltr'>est:</span> <span class='ocrx_word' id='word_1_178' title='bbox 1210 2370 1330 2448; x_wconf 82' lang='lat' dir='ltr'>regium</span> <span class='ocrx_word' id='word_1_179' title='bbox 1362 2395 1364 2397; x_wconf 55' lang='grc'><strong><em>’</em></strong></span> 
     </span>
     <span class='ocr_line' id='line_1_21' title="bbox 136 2472 1371 2557; baseline 0.003 -28"><span class='ocrx_word' id='word_1_180' title='bbox 136 2477 170 2530; x_wconf 87' lang='lat' dir='ltr'>est</span> <span class='ocrx_word' id='word_1_181' title='bbox 190 2472 256 2536; x_wconf 93' lang='lat' dir='ltr'>illud</span> <span class='ocrx_word' id='word_1_182' title='bbox 287 2484 319 2537; x_wconf 91' lang='lat' dir='ltr'>et</span> <span class='ocrx_word' id='word_1_183' title='bbox 347 2475 516 2557; x_wconf 88' lang='lat' dir='ltr'>principale</span> <span class='ocrx_word' id='word_1_184' title='bbox 546 2475 635 2537; x_wconf 87' lang='lat' dir='ltr'>aliter</span> <span class='ocrx_word' id='word_1_185' title='bbox 665 2475 805 2538; x_wconf 90' lang='lat' dir='ltr'>ductum.</span> <span class='ocrx_word' id='word_1_186' title='bbox 852 2484 887 2536; x_wconf 89' lang='lat' dir='ltr'>ut</span> <span class='ocrx_word' id='word_1_187' title='bbox 917 2495 983 2535; x_wconf 90' lang='lat' dir='ltr'>uox</span> <span class='ocrx_word' id='word_1_188' title='bbox 1023 2485 1071 2536; x_wconf 91' lang='lat' dir='ltr'>est</span> <span class='ocrx_word' id='word_1_189' title='bbox 1101 2476 1244 2555; x_wconf 89' lang='lat' dir='ltr'>quidem,</span> <span class='ocrx_word' id='word_1_190' title='bbox 1273 2476 1329 2536; x_wconf 90' lang='lat' dir='ltr'>sed</span> <span class='ocrx_word' id='word_1_191' title='bbox 1344 2495 1371 2535; x_wconf 83' lang='lat'>20</span> 
     </span>
     <span class='ocr_line' id='line_1_22' title="bbox 103 2579 1330 2663; baseline 0.005 -27"><span class='ocrx_word' id='word_1_192' title='bbox 103 2643 106 2648; x_wconf 47' lang='grc'><strong>,</strong></span> <span class='ocrx_word' id='word_1_193' title='bbox 136 2593 182 2636; x_wconf 85' lang='lat' dir='ltr'>uon</span> <span class='ocrx_word' id='word_1_194' title='bbox 200 2582 398 2662; x_wconf 88' lang='lat' dir='ltr'>explanabilis</span> <span class='ocrx_word' id='word_1_195' title='bbox 430 2592 462 2643; x_wconf 92' lang='lat' dir='ltr'>et</span> <span class='ocrx_word' id='word_1_196' title='bbox 490 2582 674 2663; x_wconf 88' lang='lat' dir='ltr'>perturbata</span> <span class='ocrx_word' id='word_1_197' title='bbox 705 2591 737 2643; x_wconf 91' lang='lat' dir='ltr'>et</span> <span class='ocrx_word' id='word_1_198' title='bbox 761 2583 931 2643; x_wconf 91' lang='lat' dir='ltr'>uerborum</span> <span class='ocrx_word' id='word_1_199' title='bbox 963 2579 1125 2656; x_wconf 84' lang='lat' dir='ltr'>inefficax,</span> <span class='ocrx_word' id='word_1_200' title='bbox 1157 2589 1192 2642; x_wconf 94' lang='lat' dir='ltr'>ut</span> <span class='ocrx_word' id='word_1_201' title='bbox 1214 2581 1330 2661; x_wconf 83' lang='lat' dir='ltr'>lingua,</span> 
     </span>
     <span class='ocr_line' id='line_1_23' title="bbox 136 2669 1330 2768; baseline 0.005 -26"><span class='ocrx_word' id='word_1_202' title='bbox 136 2683 176 2742; x_wconf 89' lang='lat' dir='ltr'>sed</span> <span class='ocrx_word' id='word_1_203' title='bbox 201 2687 340 2750; x_wconf 91' lang='lat' dir='ltr'>deuincta</span> <span class='ocrx_word' id='word_1_204' title='bbox 367 2709 426 2750; x_wconf 91' lang='lat' dir='ltr'>nec</span> <span class='ocrx_word' id='word_1_205' title='bbox 456 2688 487 2749; x_wconf 94' lang='lat' dir='ltr'>in</span> <span class='ocrx_word' id='word_1_206' title='bbox 518 2698 625 2750; x_wconf 89' lang='lat' dir='ltr'>motus</span> <span class='ocrx_word' id='word_1_207' title='bbox 655 2689 758 2750; x_wconf 90' lang='lat' dir='ltr'>uarios</span> <span class='ocrx_word' id='word_1_208' title='bbox 790 2687 910 2749; x_wconf 87' lang='lat' dir='ltr'>soluta:</span> <span class='ocrx_word' id='word_1_209' title='bbox 947 2689 990 2749; x_wconf 90' lang='lat' dir='ltr'>ita</span> <span class='ocrx_word' id='word_1_210' title='bbox 1021 2669 1136 2768; x_wconf 53' lang='lat' dir='ltr'>ipsum&#39;</span> <span class='ocrx_word' id='word_1_211' title='bbox 1159 2686 1330 2768; x_wconf 87' lang='lat' dir='ltr'>principale</span> 
     </span>
     <span class='ocr_line' id='line_1_24' title="bbox 96 2793 1328 2876; baseline 0.006 -29"><span class='ocrx_word' id='word_1_212' title='bbox 96 2797 99 2803; x_wconf 82' lang='grc'><strong>’</strong></span> <span class='ocrx_word' id='word_1_213' title='bbox 136 2802 219 2864; x_wconf 88' lang='lat' dir='ltr'>parum</span> <span class='ocrx_word' id='word_1_214' title='bbox 239 2793 359 2875; x_wconf 92' lang='lat' dir='ltr'>suptile,</span> <span class='ocrx_word' id='word_1_215' title='bbox 382 2815 495 2876; x_wconf 89' lang='lat' dir='ltr'>parum</span> <span class='ocrx_word' id='word_1_216' title='bbox 518 2805 677 2858; x_wconf 86' lang='lat' dir='ltr'>exactum.</span> <span class='ocrx_word' id='word_1_217' title='bbox 724 2795 808 2876; x_wconf 87' lang='lat' dir='ltr'>capit</span> <span class='ocrx_word' id='word_1_218' title='bbox 831 2814 908 2875; x_wconf 87' lang='lat' dir='ltr'>ergo</span> <span class='ocrx_word' id='word_1_219' title='bbox 925 2795 1008 2854; x_wconf 91' lang='lat' dir='ltr'>uisus</span> <span class='ocrx_word' id='word_1_220' title='bbox 1025 2794 1207 2874; x_wconf 90' lang='lat' dir='ltr'>speciesque</span> <span class='ocrx_word' id='word_1_221' title='bbox 1224 2813 1328 2854; x_wconf 90' lang='lat' dir='ltr'>rerum</span> 
     </span>
     <span class='ocr_line' id='line_1_25' title="bbox 113 2890 1328 2983; baseline 0.004 -28"><span class='ocrx_word' id='word_1_222' title='bbox 113 2890 222 2970; x_wconf 86' lang='lat' dir='ltr'>8quibus</span> <span class='ocrx_word' id='word_1_223' title='bbox 240 2902 280 2961; x_wconf 90' lang='lat' dir='ltr'>ad</span> <span class='ocrx_word' id='word_1_224' title='bbox 304 2903 428 2983; x_wconf 91' lang='lat' dir='ltr'>inpetus</span> <span class='ocrx_word' id='word_1_225' title='bbox 452 2911 613 2977; x_wconf 90' lang='lat' dir='ltr'>euocetur,</span> <span class='ocrx_word' id='word_1_226' title='bbox 636 2901 694 2962; x_wconf 90' lang='lat' dir='ltr'>sed</span> <span class='ocrx_word' id='word_1_227' title='bbox 717 2902 859 2963; x_wconf 90' lang='lat' dir='ltr'>turbidas</span> <span class='ocrx_word' id='word_1_228' title='bbox 880 2911 912 2963; x_wconf 92' lang='lat' dir='ltr'>et</span> <span class='ocrx_word' id='word_1_229' title='bbox 933 2899 1086 2975; x_wconf 78' lang='lat' dir='ltr'>confusas</span> <span class='ocrx_word' id='word_1_230' title='bbox 1126 2920 1168 2960; x_wconf 85' lang='lat' dir='ltr'>ex</span> <span class='ocrx_word' id='word_1_231' title='bbox 1192 2920 1232 2961; x_wconf 92' lang='lat' dir='ltr'>eo</span> <span class='ocrx_word' id='word_1_232' title='bbox 1254 2921 1328 2980; x_wconf 90' lang='lat' dir='ltr'>pro-</span> 
     </span>
     <span class='ocr_line' id='line_1_26' title="bbox 138 3006 1369 3088; baseline 0.006 -29"><span class='ocrx_word' id='word_1_233' title='bbox 138 3015 217 3064; x_wconf 85' lang='lat' dir='ltr'>cursus</span> <span class='ocrx_word' id='word_1_234' title='bbox 236 3006 357 3069; x_wconf 90' lang='lat' dir='ltr'>illorum</span> <span class='ocrx_word' id='word_1_235' title='bbox 381 3008 598 3088; x_wconf 91' lang='lat' dir='ltr'>tumultusque</span> <span class='ocrx_word' id='word_1_236' title='bbox 621 3007 827 3070; x_wconf 89' lang='lat' dir='ltr'>uehementes</span> <span class='ocrx_word' id='word_1_237' title='bbox 850 3017 931 3081; x_wconf 88' lang='lat' dir='ltr'>sunt,</span> <span class='ocrx_word' id='word_1_238' title='bbox 954 3015 1058 3067; x_wconf 89' lang='lat' dir='ltr'>metus</span> <span class='ocrx_word' id='word_1_239' title='bbox 1086 3015 1192 3067; x_wconf 92' lang='lat' dir='ltr'>autern</span> <span class='ocrx_word' id='word_1_240' title='bbox 1217 3006 1325 3067; x_wconf 89' lang='lat' dir='ltr'>sollici·</span> <span class='ocrx_word' id='word_1_241' title='bbox 1342 3024 1369 3066; x_wconf 75' lang='lat'>25</span> 
     </span>
     <span class='ocr_line' id='line_1_27' title="bbox 137 3106 1324 3193; baseline 0.003 -24"><span class='ocrx_word' id='word_1_242' title='bbox 137 3106 290 3193; x_wconf 70' lang='lat' dir='ltr'>ludinesque</span> <span class='ocrx_word' id='word_1_243' title='bbox 313 3123 346 3175; x_wconf 91' lang='lat' dir='ltr'>et</span> <span class='ocrx_word' id='word_1_244' title='bbox 369 3115 493 3176; x_wconf 90' lang='lat' dir='ltr'>tristitia</span> <span class='ocrx_word' id='word_1_245' title='bbox 520 3112 553 3175; x_wconf 82' lang='lat' dir='ltr'>et</span> <span class='ocrx_word' id='word_1_246' title='bbox 582 3115 627 3175; x_wconf 88' lang='lat' dir='ltr'>ira</span> <span class='ocrx_word' id='word_1_247' title='bbox 650 3135 714 3174; x_wconf 92' lang='lat' dir='ltr'>non</span> <span class='ocrx_word' id='word_1_248' title='bbox 738 3123 828 3189; x_wconf 91' lang='lat' dir='ltr'>sunt,</span> <span class='ocrx_word' id='word_1_249' title='bbox 856 3114 913 3175; x_wconf 91' lang='lat' dir='ltr'>sed</span> <span class='ocrx_word' id='word_1_250' title='bbox 941 3113 989 3174; x_wconf 92' lang='lat' dir='ltr'>his</span> <span class='ocrx_word' id='word_1_251' title='bbox 1012 3112 1170 3192; x_wconf 91' lang='lat' dir='ltr'>quaedam</span> <span class='ocrx_word' id='word_1_252' title='bbox 1199 3112 1324 3174; x_wconf 88' lang='lat' dir='ltr'>similia:</span> 
     </span>
     <span class='ocr_line' id='line_1_28' title="bbox 137 3206 1404 3299; baseline 0.009 -32"><span class='ocrx_word' id='word_1_253' title='bbox 137 3206 189 3272; x_wconf 87' lang='lat' dir='ltr'>ideo</span> <span class='ocrx_word' id='word_1_254' title='bbox 215 3219 270 3281; x_wconf 88' lang='lat' dir='ltr'>cito</span> <span class='ocrx_word' id='word_1_255' title='bbox 301 3223 420 3282; x_wconf 91' lang='lat' dir='ltr'>cadunt</span> <span class='ocrx_word' id='word_1_256' title='bbox 452 3230 484 3282; x_wconf 91' lang='lat' dir='ltr'>et</span> <span class='ocrx_word' id='word_1_257' title='bbox 513 3230 674 3282; x_wconf 91' lang='lat' dir='ltr'>mutantur</span> <span class='ocrx_word' id='word_1_258' title='bbox 706 3221 737 3281; x_wconf 91' lang='lat' dir='ltr'>in</span> <span class='ocrx_word' id='word_1_259' title='bbox 774 3221 965 3288; x_wconf 84' lang='lat' dir='ltr'>contrarium</span> <span class='ocrx_word' id='word_1_260' title='bbox 1001 3229 1034 3280; x_wconf 91' lang='lat' dir='ltr'>et</span> <span class='ocrx_word' id='word_1_261' title='bbox 1065 3238 1137 3279; x_wconf 90' lang='lat' dir='ltr'>cum</span> <span class='ocrx_word' id='word_1_262' title='bbox 1176 3219 1329 3280; x_wconf 87' lang='lat' dir='ltr'>acerrime</span> <span class='ocrx_word' id='word_1_263' title='bbox 1394 3283 1404 3299; x_wconf 78' lang='lat'><strong>.</strong></span> 
     </span>
     <span class='ocr_line' id='line_1_29' title="bbox 136 3321 1328 3413; baseline 0.011 -39"><span class='ocrx_word' id='word_1_264' title='bbox 136 3321 278 3390; x_wconf 84' lang='lat' dir='ltr'>saeuierunt</span> <span class='ocrx_word' id='word_1_265' title='bbox 305 3337 582 3408; x_wconf 86' lang='lat' dir='ltr'>expaueruntque,</span> <span class='ocrx_word' id='word_1_266' title='bbox 616 3336 787 3408; x_wconf 89' lang='lat' dir='ltr'>pascuntur</span> <span class='ocrx_word' id='word_1_267' title='bbox 819 3321 851 3388; x_wconf 93' lang='lat' dir='ltr'>et</span> <span class='ocrx_word' id='word_1_268' title='bbox 879 3346 921 3386; x_wconf 88' lang='lat' dir='ltr'>ex</span> <span class='ocrx_word' id='word_1_269' title='bbox 960 3323 1084 3413; x_wconf 84' lang='lat' dir='ltr'>lremitu</span> <span class='ocrx_word' id='word_1_270' title='bbox 1124 3325 1328 3405; x_wconf 88' lang='lat' dir='ltr'>discursuque</span> 
     </span>
     <span class='ocr_line' id='line_1_30' title="bbox 137 3434 819 3515; baseline 0.022 -37"><span class='ocrx_word' id='word_1_271' title='bbox 137 3439 227 3490; x_wconf 89' lang='lat' dir='ltr'>uesano</span> <span class='ocrx_word' id='word_1_272' title='bbox 247 3434 350 3496; x_wconf 89' lang='lat' dir='ltr'>statim</span> <span class='ocrx_word' id='word_1_273' title='bbox 374 3435 462 3515; x_wconf 91' lang='lat' dir='ltr'>quies</span> <span class='ocrx_word' id='word_1_274' title='bbox 487 3454 649 3514; x_wconf 90' lang='lat' dir='ltr'>soporque</span> <span class='ocrx_word' id='word_1_275' title='bbox 671 3434 819 3513; x_wconf 91' lang='lat' dir='ltr'>sequitur.</span> 
     </span>
     <span class='ocr_line' id='line_1_31' title="bbox 110 3533 1367 3621; baseline -0.001 -24"><span class='ocrx_word' id='word_1_276' title='bbox 110 3533 120 3582; x_wconf 82' lang='lat'>1</span> <span class='ocrx_word' id='word_1_277' title='bbox 202 3533 248 3599; x_wconf 90' lang='lat' dir='ltr'>IV.</span> <span class='ocrx_word' id='word_1_278' title='bbox 291 3539 378 3621; x_wconf 83' lang='lat' dir='ltr'>Quid</span> <span class='ocrx_word' id='word_1_279' title='bbox 402 3551 486 3601; x_wconf 88' lang='lat' dir='ltr'>esset</span> <span class='ocrx_word' id='word_1_280' title='bbox 509 3541 553 3601; x_wconf 88' lang='lat' dir='ltr'>ira</span> <span class='ocrx_word' id='word_1_281' title='bbox 576 3541 650 3601; x_wconf 88' lang='lat' dir='ltr'>satis</span> <span class='ocrx_word' id='word_1_282' title='bbox 674 3538 856 3620; x_wconf 86' lang='lat' dir='ltr'>explicitum</span> <span class='ocrx_word' id='word_1_283' title='bbox 882 3546 937 3600; x_wconf 91' lang='lat' dir='ltr'>est.</span> <span class='ocrx_word' id='word_1_284' title='bbox 984 3558 1048 3618; x_wconf 94' lang='lat' dir='ltr'>quo</span> <span class='ocrx_word' id='word_1_285' title='bbox 1077 3538 1172 3598; x_wconf 89' lang='lat' dir='ltr'>distet</span> <span class='ocrx_word' id='word_1_286' title='bbox 1202 3538 1243 3598; x_wconf 90' lang='lat' dir='ltr'>ab</span> <span class='ocrx_word' id='word_1_287' title='bbox 1268 3538 1324 3598; x_wconf 91' lang='lat' dir='ltr'>ira·</span> <span class='ocrx_word' id='word_1_288' title='bbox 1341 3558 1367 3597; x_wconf 82' lang='lat' dir='ltr'>uu</span> 
     </span>
    </p>
   </div>
   <div class='ocr_carea' id='block_1_3' title="bbox 135 3637 1326 3770">
    <p class='ocr_par' dir='ltr' id='par_1_3' title="bbox 135 3637 1326 3770">
     <span class='ocr_line' id='line_1_32' title="bbox 135 3637 1326 3728; baseline 0.013 -40"><span class='ocrx_word' id='word_1_289' title='bbox 135 3637 223 3698; x_wconf 89' lang='lat' dir='ltr'>cundia</span> <span class='ocrx_word' id='word_1_290' title='bbox 241 3655 387 3728; x_wconf 89' lang='lat' dir='ltr'>apparet:</span> <span class='ocrx_word' id='word_1_291' title='bbox 414 3667 478 3727; x_wconf 94' lang='lat' dir='ltr'>quo</span> <span class='ocrx_word' id='word_1_292' title='bbox 502 3646 606 3708; x_wconf 89' lang='lat' dir='ltr'>ebrius</span> <span class='ocrx_word' id='word_1_293' title='bbox 629 3646 670 3707; x_wconf 91' lang='lat' dir='ltr'>ab</span> <span class='ocrx_word' id='word_1_294' title='bbox 695 3645 821 3706; x_wconf 89' lang='lat' dir='ltr'>ebrioso</span> <span class='ocrx_word' id='word_1_295' title='bbox 845 3653 878 3705; x_wconf 89' lang='lat' dir='ltr'>et</span> <span class='ocrx_word' id='word_1_296' title='bbox 900 3645 1049 3705; x_wconf 87' lang='lat' dir='ltr'>timensa</span> <span class='ocrx_word' id='word_1_297' title='bbox 1072 3643 1192 3704; x_wconf 85' lang='lat' dir='ltr'>timido</span> <span class='ocrx_word' id='word_1_298' title='bbox 1231 3646 1326 3705; x_wconf 89' lang='lat' dir='ltr'>iratus</span> 
     </span>
     <span class='ocr_line' id='line_1_33' title="bbox 135 3743 312 3770; baseline 0 0"><span class='ocrx_word' id='word_1_299' title='bbox 135 3743 312 3770; x_wconf 36' lang='lat' dir='ltr'>*N—</span> 
     </span>
    </p>
   </div>
   <div class='ocr_carea' id='block_1_4' title="bbox 111 3801 1325 4245">
    <p class='ocr_par' dir='ltr' id='par_1_4' title="bbox 135 3801 1325 3892">
     <span class='ocr_line' id='line_1_34' title="bbox 135 3801 1325 3892; baseline 0.009 -37"><span class='ocrx_word' id='word_1_300' title='bbox 135 3801 145 3851; x_wconf 88' lang='lat' dir='ltr'>l</span> <span class='ocrx_word' id='word_1_301' title='bbox 161 3806 245 3866; x_wconf 84' lang='lat' dir='ltr'>irritatas</span> <span class='ocrx_word' id='word_1_302' title='bbox 262 3820 351 3892; x_wconf 79' lang='lat' dir='ltr'>(prior</span> <span class='ocrx_word' id='word_1_303' title='bbox 369 3838 381 3869; x_wconf 92' lang='lat' dir='ltr'>r</span> <span class='ocrx_word' id='word_1_304' title='bbox 400 3821 484 3887; x_wconf 79' lang='lat' dir='ltr'>corr.)</span> <span class='ocrx_word' id='word_1_305' title='bbox 615 3838 677 3885; x_wconf 71' lang='lat' dir='ltr'>pene</span> <span class='ocrx_word' id='word_1_306' title='bbox 813 3819 828 3871; x_wconf 74' lang='grc' dir='ltr'>Τ</span> <span class='ocrx_word' id='word_1_307' title='bbox 847 3819 983 3883; x_wconf 84' lang='lat' dir='ltr'>uoluptates</span> <span class='ocrx_word' id='word_1_308' title='bbox 1003 3817 1067 3870; x_wconf 81' lang='lat' dir='ltr'>li&#39;bn&#39;</span> <span class='ocrx_word' id='word_1_309' title='bbox 1079 3814 1224 3886; x_wconf 74' lang='lat' dir='ltr'>plerique:</span> <span class='ocrx_word' id='word_1_310' title='bbox 1240 3819 1325 3867; x_wconf 89' lang='lat' dir='ltr'>uolun-</span> 
     </span>
    </p>

    <p class='ocr_par' dir='ltr' id='par_1_5' title="bbox 133 3890 1325 3977">
     <span class='ocr_line' id='line_1_35' title="bbox 133 3890 1325 3977; baseline 0.02 -42"><span class='ocrx_word' id='word_1_311' title='bbox 133 3895 181 3941; x_wconf 73' lang='lat' dir='ltr'>tates</span> <span class='ocrx_word' id='word_1_312' title='bbox 273 3890 489 3974; x_wconf 66' lang='lat' dir='ltr'>{lnonaperirasci</span> <span class='ocrx_word' id='word_1_313' title='bbox 509 3910 554 3977; x_wconf 83' lang='lat' dir='ltr'>(eri</span> <span class='ocrx_word' id='word_1_314' title='bbox 573 3924 645 3962; x_wconf 81' lang='lat' dir='ltr'>corr.</span> <span class='ocrx_word' id='word_1_315' title='bbox 665 3908 693 3972; x_wconf 79' lang='lat' dir='ltr'>in</span> <span class='ocrx_word' id='word_1_316' title='bbox 711 3908 780 3974; x_wconf 80' lang='lat' dir='ltr'>ras.)</span> <span class='ocrx_word' id='word_1_317' title='bbox 896 3907 929 3960; x_wconf 77' lang='lat'>‘12</span> <span class='ocrx_word' id='word_1_318' title='bbox 948 3908 1058 3964; x_wconf 82' lang='lat' dir='ltr'>affectib3</span> <span class='ocrx_word' id='word_1_319' title='bbox 1180 3906 1212 3959; x_wconf 84' lang='grc'>13</span> <span class='ocrx_word' id='word_1_320' title='bbox 1232 3907 1325 3971; x_wconf 82' lang='lat' dir='ltr'>alioqui</span> 
     </span>
    </p>

    <p class='ocr_par' dir='ltr' id='par_1_6' title="bbox 216 3994 1323 4064">
     <span class='ocr_line' id='line_1_36' title="bbox 216 3994 1323 4064; baseline -0.001 -20"><span class='ocrx_word' id='word_1_321' title='bbox 216 3994 233 4040; x_wconf 78' lang='lat' dir='ltr'>si</span> <span class='ocrx_word' id='word_1_322' title='bbox 250 4013 316 4048; x_wconf 85' lang='lat' dir='ltr'>amor</span> <span class='ocrx_word' id='word_1_323' title='bbox 333 4001 358 4048; x_wconf 92' lang='lat' dir='ltr'>in</span> <span class='ocrx_word' id='word_1_324' title='bbox 377 3999 425 4047; x_wconf 93' lang='lat' dir='ltr'>illis</span> <span class='ocrx_word' id='word_1_325' title='bbox 437 4005 499 4048; x_wconf 87' lang='lat' dir='ltr'>esset</span> <span class='ocrx_word' id='word_1_326' title='bbox 522 4005 546 4048; x_wconf 90' lang='lat' dir='ltr'>et</span> <span class='ocrx_word' id='word_1_327' title='bbox 564 3998 662 4064; x_wconf 80' lang='lat' dir='ltr'>odium,</span> <span class='ocrx_word' id='word_1_328' title='bbox 688 4003 750 4047; x_wconf 90' lang='lat' dir='ltr'>esset</span> <span class='ocrx_word' id='word_1_329' title='bbox 763 3998 873 4045; x_wconf 87' lang='lat' dir='ltr'>amicitia</span> <span class='ocrx_word' id='word_1_330' title='bbox 893 4003 916 4045; x_wconf 91' lang='lat' dir='ltr'>et</span> <span class='ocrx_word' id='word_1_331' title='bbox 934 3997 1058 4062; x_wconf 84' lang='lat' dir='ltr'>simultas,</span> <span class='ocrx_word' id='word_1_332' title='bbox 1084 3997 1203 4045; x_wconf 86' lang='lat' dir='ltr'>dissensio</span> <span class='ocrx_word' id='word_1_333' title='bbox 1223 4001 1246 4044; x_wconf 88' lang='lat' dir='ltr'>et</span> <span class='ocrx_word' id='word_1_334' title='bbox 1265 4012 1323 4043; x_wconf 91' lang='lat' dir='ltr'>con-</span> 
     </span>
    </p>

    <p class='ocr_par' dir='ltr' id='par_1_7' title="bbox 111 4069 1323 4245">
     <span class='ocr_line' id='line_1_37' title="bbox 131 4069 1323 4157; baseline -0.003 -21"><span class='ocrx_word' id='word_1_335' title='bbox 131 4069 200 4121; x_wconf 67' lang='lat' dir='ltr'>⁰⁰¹dl²</span> <span class='ocrx_word' id='word_1_336' title='bbox 215 4075 319 4157; x_wconf 67' lang='lat' dir='ltr'>Maaniq</span> <span class='ocrx_word' id='word_1_337' title='bbox 333 4084 517 4157; x_wconf 79' lang='lat' dir='ltr'>probabiliter</span> <span class='ocrx_word' id='word_1_338' title='bbox 573 4126 576 4134; x_wconf 94' lang='lat'><em>.</em></span> <span class='ocrx_word' id='word_1_339' title='bbox 599 4086 630 4139; x_wconf 83' lang='lat'>19</span> <span class='ocrx_word' id='word_1_340' title='bbox 650 4086 743 4151; x_wconf 86' lang='lat' dir='ltr'>regium</span> <span class='ocrx_word' id='word_1_341' title='bbox 764 4115 797 4122; x_wconf 92' lang='lat'><em>-</em></span> <span class='ocrx_word' id='word_1_342' title='bbox 816 4083 851 4138; x_wconf 78' lang='lat'>20</span> <span class='ocrx_word' id='word_1_343' title='bbox 870 4086 969 4134; x_wconf 85' lang='lat' dir='ltr'>ductum</span> <span class='ocrx_word' id='word_1_344' title='bbox 987 4083 1100 4136; x_wconf 81' lang='lat' dir='ltr'>induxit</span> <span class='ocrx_word' id='word_1_345' title='bbox 1117 4081 1217 4149; x_wconf 82' lang='lat' dir='ltr'>Haase,</span> <span class='ocrx_word' id='word_1_346' title='bbox 1236 4080 1323 4135; x_wconf 83' lang='lat' dir='ltr'>uindi-</span> 
     </span>
     <span class='ocr_line' id='line_1_38' title="bbox 111 4156 1251 4245; baseline -0.001 -21"><span class='ocrx_word' id='word_1_347' title='bbox 111 4156 190 4245; x_wconf 24' lang='grc' dir='ltr'>,ΜΝ</span> <span class='ocrx_word' id='word_1_348' title='bbox 202 4160 302 4245; x_wconf 72' lang='lat' dir='ltr'>Maanr&#39;q</span> <span class='ocrx_word' id='word_1_349' title='bbox 378 4178 473 4240; x_wconf 81' lang='lat' dir='ltr'>regium</span> <span class='ocrx_word' id='word_1_350' title='bbox 491 4184 527 4225; x_wconf 88' lang='lat' dir='ltr'>est</span> <span class='ocrx_word' id='word_1_351' title='bbox 545 4172 708 4228; x_wconf 76' lang='lat' dir='ltr'>Pincianus:</span> <span class='ocrx_word' id='word_1_352' title='bbox 729 4180 831 4239; x_wconf 71' lang='lat' dir='ltr'>regnme</span> <span class='ocrx_word' id='word_1_353' title='bbox 904 4172 938 4226; x_wconf 87' lang='lat'>20</span> <span class='ocrx_word' id='word_1_354' title='bbox 957 4174 1018 4223; x_wconf 89' lang='lat' dir='ltr'>illud</span> <span class='ocrx_word' id='word_1_355' title='bbox 1037 4173 1065 4240; x_wconf 82' lang='lat' dir='ltr'>(d</span> <span class='ocrx_word' id='word_1_356' title='bbox 1083 4187 1121 4225; x_wconf 78' lang='lat' dir='ltr'>aar</span> <span class='ocrx_word' id='word_1_357' title='bbox 1140 4177 1148 4220; x_wconf 87' lang='lat' dir='ltr'>t</span> <span class='ocrx_word' id='word_1_358' title='bbox 1168 4171 1251 4236; x_wconf 82' lang='lat' dir='ltr'>corr.)</span> 
     </span>
    </p>
   </div>
   <div class='ocr_carea' id='block_1_5' title="bbox 129 4243 1320 4385">
    <p class='ocr_par' dir='ltr' id='par_1_8' title="bbox 129 4243 1320 4385">
     <span class='ocr_line' id='line_1_39' title="bbox 129 4243 1320 4328; baseline 0.003 -14"><span class='ocrx_word' id='word_1_359' title='bbox 129 4248 150 4290; x_wconf 60' lang='lat' dir='ltr'>ll</span> <span class='ocrx_word' id='word_1_360' title='bbox 165 4243 188 4296; x_wconf 61' lang='lat' dir='ltr'>in</span> <span class='ocrx_word' id='word_1_361' title='bbox 202 4254 249 4313; x_wconf 62' lang='lat' dir='ltr'>rat.</span> <span class='ocrx_word' id='word_1_362' title='bbox 339 4264 373 4318; x_wconf 76' lang='lat'>23</span> <span class='ocrx_word' id='word_1_363' title='bbox 392 4267 489 4322; x_wconf 78' lang='lat' dir='ltr'>subtile,</span> <span class='ocrx_word' id='word_1_364' title='bbox 507 4263 592 4318; x_wconf 79' lang='lat' dir='ltr'>sadb</span> <span class='ocrx_word' id='word_1_365' title='bbox 612 4279 685 4317; x_wconf 80' lang='lat' dir='ltr'>corr.</span> <span class='ocrx_word' id='word_1_366' title='bbox 785 4263 820 4316; x_wconf 81' lang='lat'>24</span> <span class='ocrx_word' id='word_1_367' title='bbox 838 4265 943 4328; x_wconf 86' lang='lat' dir='ltr'>impetus</span> <span class='ocrx_word' id='word_1_368' title='bbox 1044 4261 1078 4314; x_wconf 77' lang='lat'>25</span> <span class='ocrx_word' id='word_1_369' title='bbox 1098 4261 1194 4309; x_wconf 73' lang='lat' dir='ltr'>illorum</span> <span class='ocrx_word' id='word_1_370' title='bbox 1213 4258 1320 4313; x_wconf 70' lang='lat' dir='ltr'>Haase:</span> 
     </span>
     <span class='ocr_line' id='line_1_40' title="bbox 323 4351 730 4385; baseline 0.022 -19"><span class='ocrx_word' id='word_1_371' title='bbox 323 4353 328 4366; x_wconf 93' lang='lat'><em>.</em></span> <span class='ocrx_word' id='word_1_372' title='bbox 684 4351 730 4385; x_wconf 71' lang='lat'>4..</span> 
     </span>
    </p>
   </div>
   <div class='ocr_carea' id='block_1_6' title="bbox 128 4359 784 4475">
    <p class='ocr_par' dir='ltr' id='par_1_9' title="bbox 128 4359 784 4475">
     <span class='ocr_line' id='line_1_41' title="bbox 187 4359 336 4386; baseline 0 0"><span class='ocrx_word' id='word_1_373' title='bbox 187 4359 191 4365; x_wconf 92' lang='lat'><em>&#39;</em></span> <span class='ocrx_word' id='word_1_374' title='bbox 315 4363 336 4386; x_wconf 66' lang='grc' dir='ltr'>-ν</span> 
     </span>
     <span class='ocr_line' id='line_1_42' title="bbox 128 4383 784 4475; baseline -0.005 -18"><span class='ocrx_word' id='word_1_375' title='bbox 128 4383 187 4444; x_wconf 58' lang='lat' dir='ltr'>mall</span> <span class='ocrx_word' id='word_1_376' title='bbox 275 4406 306 4460; x_wconf 79' lang='lat'>29</span> <span class='ocrx_word' id='word_1_377' title='bbox 324 4416 434 4469; x_wconf 89' lang='lat' dir='ltr'>utesauo,</span> <span class='ocrx_word' id='word_1_378' title='bbox 453 4406 480 4458; x_wconf 86' lang='lat' dir='ltr'>in</span> <span class='ocrx_word' id='word_1_379' title='bbox 499 4422 585 4475; x_wconf 75' lang='lat' dir='ltr'>marq.</span> <span class='ocrx_word' id='word_1_380' title='bbox 606 4423 639 4460; x_wconf 84' lang='lat' dir='ltr'>m.</span> <span class='ocrx_word' id='word_1_381' title='bbox 660 4410 675 4457; x_wconf 86' lang='grc'><strong>4</strong></span> <span class='ocrx_word' id='word_1_382' title='bbox 694 4422 784 4455; x_wconf 89' lang='lat' dir='ltr'>uesano</span> 
     </span>
    </p>
   </div>
   <div class='ocr_carea' id='block_1_7' title="bbox 0 0 1528 5092">
    <p class='ocr_par' dir='ltr' id='par_1_10' title="bbox 0 0 1528 5092">
     <span class='ocr_line' id='line_1_43' title="bbox 0 0 1528 5092; baseline 0 0"><span class='ocrx_word' id='word_1_383' title='bbox 0 0 1528 5092; x_wconf 95' lang='lat' dir='ltr'> </span> 
     </span>
    </p>
   </div>
  </div>
 </body>
</html>
