3046 5092
117 328 147 368 VI
487 327 659 369 PRAEFATIO
673 327 822 369 IOHANNIS
837 327 979 368 VAHLENl.

65 496 68 503 ·
117 486 214 534 certus
236 479 337 535 metitis
360 487 414 534 aut
437 494 467 554 p.
486 476 535 546 aa,
554 475 593 536 28
620 473 758 535 deletum
782 485 901 535 sanutus
923 493 1047 534 nomen.
1096 473 1188 554 Quae
1204 494 1266 554 ego
1282 495 1348 536 non

118 609 155 649 ea
186 599 293 649 mente
325 591 411 662 dica,
444 590 532 669 quasi
559 591 689 649 omnino
714 588 796 650 hanc
819 588 1066 668 recognitionem
1092 587 1345 670 reprehendam:

117 705 217 765 immo
250 703 344 765 laudo
377 723 414 764 ac
444 704 555 764 lubens
578 702 745 784 profiteor,
778 704 870 777 mihi,
901 704 926 765 si
949 704 1024 783 quid
1047 699 1186 764 iudicare‘
1205 724 1349 784 possum,

119 820 174 880 etsi
208 831 266 880 n'ec
297 818 479 880 Fickertum
511 839 570 879 nec
593 818 746 879 Haasium
777 838 834 879 sua
865 818 958 879 laude
990 817 1210 879 defraudatum
1242 820 1348 894 velim,

117 933 199 995 hanc
222 943 329 995 textus
353 934 639 995 conformationem
663 933 758 1012 longe
782 935 941 1014 utriusque
964 932 1119 1013 exemplis
1142 934 1242 995 videri
1257 954 1348 1014 prae-

72 1126 74 1131 ·
118 1049 320 1124 stabiliorem,
344 1049 505 1129 verbaque
521 1047 662 1110 Senecae
685 1050 798 1130 partim
821 1049 937 1109 codicis
952 1049 1138 1109 testimoniis
1155 1047 1349 1128 postliminio

118 1165 265 1226 restitutis
288 1139 402 1246 partim
427 1165 611 1225 coniecturis
635 1164 753 1238 ascitis,
777 1174 831 1224 aut
853 1165 1050 1244 superiorum
1075 1165 1270 1238 criticorum,
1295 1174 1350 1226 aut

118 1300 217 1358 nuper
240 1281 380 1351 inventis,
404 1279 556 1359 Madvigii
578 1279 717 1360 plurimis
741 1287 773 1340 et
789 1278 913 1352 Gertzii,
938 1279 1067 1359 Hauptii
1082 1300 1218 1360 quoque,
1243 1280 1351 1341 multis

119 1396 214 1455 etiam
243 1415 262 1455 a
286 1394 411 1455 Kochio
444 1395 512 1476 ipso
544 1394 749 1475 excogitatis,
782 1393 900 1469 multia,
917 1394 1058 1474 partibus
1089 1370 1204 1475 probe
1223 1415 1293 1456 esse
1318 1405 1351 1456 et

118 1511 247 1590 egregie
271 1510 495 1571 administrata.
541 1508 607 1570 Sed
630 1510 660 1569 in
685 1529 800 1589 genere
824 1510 930 1570 critico
954 1518 988 1569 ut
1012 1508 1100 1578 multi
1123 1508 1219 1571 hodie
1248 1513 1350 1572 maxi-

119 1645 234 1705 meque
257 1625 410 1705 ingeniosi
434 1624 578 1685 homines
602 1623 820 1686 admirabilem
845 1626 1005 1704 quandam
1029 1625 1059 1685 in
1084 1645 1117 1685 re
1133 1625 1253 1686 lubrica
1268 1625 1359 1714 fidu&

119 1743 199 1802 ciam
231 1742 296 1802 veri
327 1761 403 1820 prae
433 1760 468 1801 se
499 1739 616 1814 ferunt,
648 1741 691 1800 ita
718 1738 860 1812 Kochius
893 1760 1020 1821 quoque
1050 1740 1174 1801 fervore
1205 1743 1350 1820 quodam

119 1856 213 1917 animi
244 1856 393 1937 abreptus
425 1877 489 1916 non
518 1876 589 1916 eam
613 1875 739 1936 semper
762 1874 843 1935 quae
867 1854 1003 1916 decebat
1026 1856 1215 1917 modestiam
1240 1877 1350 1917 emen-

119 1971 215 2032 dandi
247 1973 383 2032 servavit
415 1983 446 2031 et
470 1973 501 2033 in
525 1971 728 2032 aestimandis
752 1971 937 2030 coniecturis
961 1970 1023 2030 suis
1046 1980 1100 2031 aut
1123 1970 1229 2031 alienis
1252 1992 1352 2053 saepe

120 2087 273 2147 maiorem
298 2085 523 2147 confidentiam
547 2106 642 2166 quam
666 2086 844 2146 cautionem
868 2084 1023 2166 probavit.

90 2189 92 2193 ⁵
187 2192 190 2205 ’
209 2199 275 2263 Sed
298 2202 448 2282 quoniam
471 2203 502 2262 in
518 2203 586 2283 ipso
603 2202 700 2282 opere
717 2220 823 2261 meum
835 2199 956 2281 ubique
970 2201 1118 2261 iudicium
1134 2200 1352 2264 cohibendum

119 2325 204 2377 ratus
228 2304 313 2390 sum,
344 2336 427 2376 nunc
450 2315 615 2389 nonnulla,
648 2317 689 2376 de
712 2315 824 2396 quibus
847 2313 942 2396 paulo
966 2317 1079 2376 certius
1102 2317 1230 2377 iudicari
1253 2338 1353 2398 posse

45 2408 57 2469 '-
119 2440 252 2492 autnon
268 2430 414 2492 inutiliter
430 2431 593 2492 admoneri
609 2430 784 2503 videbatur,
799 2448 840 2488 ne
855 2427 948 2509 plane
964 2423 1160 2506 ἀσύμβολος
1176 2431 1353 2505 discedam,

120 2544 305 2627 disceptabo
328 2544 465 2606 breviter
488 2552 613 2606 servato
638 2543 836 2624 dialogorum
860 2542 979 2604 ordine.

208 2661 259 2722 De
282 2661 327 2729 ira
352 2664 378 2734 1,
405 2663 422 2720 7
448 2681 476 2739 p.
504 2660 553 2735 42,
586 2664 618 2718 t'l
645 2672 787 2721 commotu
811 2663 884 2722 euim
908 2666 997 2722 semel
1019 2671 1046 2720 et
1070 2665 1195 2721 euentura
1219 2681 1301 2723 mens
1318 2682 1352 2724 eo

113 2781 231 2855 penpil,
263 2796 319 2854 quo
343 2781 495 2853 inpellitur.
544 2775 597 2836 Ita
614 2775 773 2857 Kochius3
803 2777 860 2837 sed
885 2775 988 2837 codex
1012 2794 1091 2837 mens·
1116 2781 1244 2850 eineruil,
1268 2786 1304 2838 ut
1328 2782 1354 2838 is

120 2895 151 2954 in
173 2890 265 2953 litura
288 2892 336 2953 sit.
383 2892 460 2952 Inde
484 2890 558 2951 nihil
582 2889 780 2952 efficiendum
798 2899 872 2964 erat,
897 2891 1094 2952 verissimum
1111 2892 1194 2951 enim
1212 2896 1237 2952 ei
1253 2898 1352 2967 seruit,

119 3009 177 3068 sed
201 3027 221 3068 a
244 3007 428 3068 addendum
459 3009 501 3067 ad
532 3026 604 3095 qua,
633 3007 721 3086 quod
745 3005 887 3067 Muretus
919 3015 1078 3067 suaserat:
1110 3025 1190 3067 mens
1214 3011 1241 3067 ei
1263 3014 1353 3069 serait

121 3142 141 3184 a
171 3143 228 3201 quo
259 3127 422 3199 impellitur.
468 3120 632 3183 Simillima
662 3122 805 3182 oratione
828 3119 951 3182 Seneca
981 3121 1011 3181 in
1035 3122 1148 3182 eodem
1172 3120 1252 3202 libro
1278 3125 1307 3197 3,
1332 3126 1350 3184 3

45 3271 48 3285 ·
120 3260 151 3319 p.
176 3238 226 3311 87,
252 3239 296 3333 21Ι
316 3257 421 3299 eanum
445 3237 544 3318 inquit
567 3241 645 3298 ltunu
669 3241 776 3314 aliquis
798 3248 895 3309 uocat,
924 3241 974 3312 qui
996 3241 1071 3298 uelut
1094 3245 1263 3313 tempestate
1286 3256 1352 3298 cor·

120 3362 220 3429 reptas
251 3371 311 3414 nan
341 3357 362 3413 it
391 3357 446 3413 secl
476 3357 577 3429 apitur
607 3362 634 3412 et
661 3355 775 3426 furenti
804 3357 882 3411 malo
913 3355 1008 3412 seivit.
1068 3349 1158 3412 Conf.
1189 3351 1230 3412 de
1261 3352 1352 3414 clem.

124 3472 151 3541 1,
180 3471 227 3542 lt),
252 3468 280 3527 2.

210 3583 262 3644 De
285 3584 330 3644 ira
354 3586 382 3657 2,
401 3582 419 3644 8
443 3602 474 3663 p.
492 3585 542 3656 61,
563 3586 601 3642 la
623 3586 761 3657 ferarum
786 3589 840 3643 iste
862 3594 1022 3643 conuentus
1046 3594 1095 3654 est,
1118 3586 1175 3642 nisi
1190 3587 1271 3658 quod
1285 3588 1354 3644 illae

128 3707 195 3760 nter
217 3718 249 3760 se
270 3702 412 3775 placidae
434 3707 672 3775 summorumque
687 3702 818 3759 similium
835 3700 986 3770 abstinent,
1011 3702 1040 3757 la'
1055 3708 1153 3758 mutua
1171 3703 1354 3759 laceratione

121 3819 277 3875 satiantur.
309 3818 366 3874 liae
380 3832 438 3874 uno
456 3815 494 3874 ab
518 3815 693 3875 animalibus
712 3817 795 3873 mutis
811 3817 959 3888 differunt,
985 3817 1066 3889 quud
1080 3818 1133 3874 illa
1148 3823 1355 3875 mansuescant

123 3932 273 4002 alentiam,
297 3933 401 4020 lterum
424 3931 524 3990 rabies
539 3933 617 4005 ipsas
633 3948 653 3990 a
669 3931 772 4006 quibus
788 3938 830 3989 est
844 3933 956 3989 nauita
972 3932 1149 4004 depascitur.
1195 3926 1355 4007 Vulgatur

31 4041 34 4047 ’
122 4048 178 4106 ltaa
200 4063 273 4118 rnna,
297 4044 385 4124 quod
408 4042 551 4104 Kochius
573 4045 680 4117 tenuit,
704 4064 769 4105 non
792 4044 857 4104 sine
881 4042 1085 4104 dubitationis
1108 4042 1352 4126 significatione3

121 4179 181 4220 nec
204 4161 328 4220 videtur
351 4158 477 4220 defendi
499 4179 610 4241 posse3
642 4179 743 4240 neque
766 4178 843 4220 vero
866 4178 886 4218 a
902 4157 1029 4220 Gertzio
1053 4156 1145 4218 nobis
1172 4161 1356 4239 persuaderi

123 4275 296 4357 patiemur,
328 4275 409 4336 hanc
440 4273 661 4355 interpolatam
691 4294 760 4335 esse
784 4274 989 4351 sententiam,
1019 4292 1114 4352 quae,
1146 4275 1246 4334 modo
1270 4256 1359 4336 recte

123 4376 335 4473 superioribus
366 4391 567 4465 adnectatur,
599 4389 673 4451 nihil
704 4388 802 4449 habet
832 4389 1035 4450 incommodi.
1083 4388 1192 4468 ltaque
1223 4409 1296 4450 cum
1325 4392 1356 4451 in
