3046 5092
238 323 303 387 222
451 319 529 363 DIAL.
544 317 573 361 X.
601 317 643 361 AD
659 317 812 382 l’AVLINVM
829 318 868 360 DE
882 320 1051 364 BREVlTATE
1065 315 1163 360 VlTAE.
1194 323 1212 362 l.
1227 317 1249 364 2.

238 470 263 531 si
285 469 374 532 bono
399 469 522 531 custodi
545 467 682 530 traditae
704 476 787 542 sunt,
811 487 867 528 usu
891 475 1055 530 crescunt:
1082 470 1127 531 ita
1150 475 1239 530 aetas
1255 475 1366 528 nostra
1380 465 1466 527 bene

238 576 418 657 disponenti
441 574 574 637 multum
597 582 694 655 patet.

327 680 364 742 Il.
411 680 496 762 Quid
528 680 569 740 de
593 699 695 741 rerum
719 687 829 739 natura
852 681 1030 759 querimur?
1063 678 1115 741 illa
1137 700 1172 761 se
1195 679 1334 760 benigne
1357 678 1496 764 gessitt

239 790 311 861 uita,
334 787 359 848 si
384 790 428 848 uti
451 789 537 860 scias,
560 785 657 865 longa
681 793 738 846 est.
769 784 863 846 alium
887 784 1070 847 insatiabilis
1092 794 1181 848 tenet
1204 788 1342 860 auaritia,
1368 783 1464 846 alium

213 896 278 954 sin·
294 895 493 974 superuacuis
516 891 677 953 laboribus
702 910 838 971 operosa
860 891 1019 954 sedulitas.
1052 891 1128 954 alius
1144 895 1218 953 uino
1235 892 1354 954 madet.
1386 891 1463 953 alius

239 1001 348 1061 inertia
371 1007 485 1080 torpet.
529 997 622 1059 alium
647 995 801 1076 defatigat
824 1017 867 1058 ex
890 995 997 1059 alienis
1020 998 1138 1060 iudiciis
1161 1018 1314 1079 suspensa
1336 1017 1484 1078 semper,

239 1105 379 1168 ambitio.
426 1104 519 1167 alium
552 1104 712 1165 mercandi
742 1123 894 1183 praeceps
925 1104 1079 1185 cupiditas
1110 1107 1191 1167 circa
1221 1104 1325 1167 omnis
1354 1112 1461 1179 terras,

240 1212 346 1273 omnia
376 1212 474 1272 maria
505 1231 561 1290 spe
592 1209 667 1271 lucri
699 1210 793 1271 ducit.
838 1210 996 1290 quosdam
1027 1219 1155 1292 torquet
1186 1211 1303 1291 cupido
1335 1209 1462 1272 militiae

239 1337 412 1397 numquam
436 1336 501 1377 non
524 1327 577 1377 aut
600 1314 706 1376 alienis
729 1314 872 1397 periculis
896 1318 1036 1378 intentos
1059 1325 1113 1379 aut
1135 1318 1197 1378 suis
1220 1319 1342 1379 anxios.
1391 1323 1461 1377 sunt

203 1438 320 1504 roquos
354 1424 493 1503 ingratus
528 1422 723 1504 superiorum
759 1419 859 1482 cultus
895 1420 1071 1484 uoluntaria
1105 1424 1256 1485 seruitute
1285 1430 1460 1484 consumat.

240 1526 358 1590 multos
390 1536 444 1589 aut
472 1527 642 1588 adfectatio
667 1526 786 1588 alienae
816 1525 959 1588 fortunae
983 1537 1038 1590 aut
1061 1547 1135 1589 suae
1158 1525 1297 1608 querella
1321 1526 1489 1588 detinuit?

239 1632 407 1716 plerosque
438 1631 518 1695 nihil.
543 1641 663 1693 certum
695 1634 855 1712 sequentis
887 1652 970 1713 uaga
1000 1641 1032 1694 et
1056 1633 1235 1695 inconstans
1259 1642 1293 1695 et
1316 1631 1377 1694 sibi
1402 1632 1459 1693 dis-

240 1739 358 1821 plicens
388 1739 500 1801 leuitas
532 1759 589 1819 per
619 1758 703 1799 noua
726 1736 854 1799 consilia
876 1741 1013 1800 iactauit.
1059 1738 1250 1819 quibusdam
1274 1736 1368 1813 nihil,
1400 1758 1460 1818 quo

237 1864 365 1908 cursum
390 1848 542 1926 dirigant,
576 1834 697 1924 placet,
720 1845 778 1905 sed
802 1847 970 1907 marcentis
994 1845 1219 1926 oscitantisque
1241 1843 1306 1906 fata
1329 1843 1460 1925 depren-

204 1970 226 2008 n
240 1952 327 2027 dunt,
351 1953 432 2013 adeo
456 1961 490 2012 ut
513 1951 600 2031 quod
625 1950 710 2030 apud
726 1953 902 2011 maximum
919 1959 1086 2032 poetarum
1104 1971 1194 2032 more
1209 1948 1326 2013 oraculi
1342 1951 1460 2013 dictum

240 2067 297 2132 est,
321 2078 431 2119 uerum
455 2077 611 2118 essenon
636 2056 797 2118 dubitem:

505 2167 608 2238 exigua
625 2174 699 2240 pars
722 2157 763 2222 est
783 2166 859 2222 uitae
881 2184 968 2238 quam
992 2184 1043 2222 nos
1066 2167 1195 2223 uterinus.

241 2280 380 2332 ceterum
404 2268 531 2350 quidem
556 2289 652 2330 omne
667 2271 802 2350 spatium
819 2289 883 2329 non
899 2269 973 2343 uita,
996 2270 1054 2329 sed
1070 2278 1196 2351 tempus
1213 2279 1270 2333 est.
1302 2281 1418 2351 urgent
1431 2281 1461 2330 et
1478 2276 1489 2327 3

241 2380 445 2440 circumstant
484 2376 557 2436 uitia
594 2375 733 2456 undique
763 2395 821 2437 nec
852 2396 1015 2456 resurgere
1045 2386 1099 2439 aut
1130 2377 1161 2438 in
1192 2378 1372 2458 dispectum
1403 2376 1464 2438 ueri

104 2468 109 2473 ’
201 2498 226 2538 20
241 2482 396 2546 adtollere
424 2482 533 2565 oculos
564 2484 684 2556 sinunt,
715 2483 772 2544 sed
805 2483 969 2544 demersos
1000 2491 1033 2545 et
1064 2485 1095 2544 in
1119 2484 1327 2564 cupiditatem
1350 2482 1463 2547 infixos

241 2602 396 2672 premunt.
417 2640 420 2645 ,
444 2609 616 2670 numquam
648 2588 706 2651 illis
730 2609 888 2650 recurrere
912 2590 953 2650 ad
977 2610 1011 2651 se
1034 2589 1116 2651 licet.
1161 2591 1340 2670 siquando
1364 2588 1465 2672 aliqua

240 2697 370 2760 fortuito
394 2697 480 2781 quies
504 2696 643 2775 contigit,
667 2693 753 2756 uelut
775 2693 967 2776 profundum
991 2716 1087 2772 mare,
1110 2698 1142 2758 in
1164 2717 1229 2777 quo
1245 2706 1321 2778 post
1336 2706 1464 2759 uentum

241 2824 369 2886 quoque
391 2802 545 2864 uolutatio
569 2810 626 2876 est,
650 2801 838 2863 fluctuantur
861 2823 920 2864 nec
944 2823 1094 2885 umquam
1118 2802 1176 2865 illis
1200 2824 1219 2865 a
1243 2804 1465 2885 cupiditatibus

241 2913 304 2973 suis
328 2911 427 2971 otium
451 2918 521 2971 stat.
568 2910 609 2989 de
639 2909 705 2970 istis
728 2929 781 2969 me
804 2916 896 2989 putas
920 2910 1081 2985 disserere,
1105 2899 1239 2990 quorum
1263 2910 1295 2970 in
1319 2909 1493 2972 consessor

201 3029 227 3067 25
242 3016 325 3079 mala
347 3019 440 3078 sunt?
464 3015 592 3096 adspice
615 3014 692 3087 illos,
717 3015 758 3076 ad
782 3023 917 3094 quorum
940 3014 1119 3078 felicitatem
1137 3016 1348 3079 concurritur:
1376 3017 1466 3078 bonis

243 3124 304 3184 suis
336 3122 519 3183 offocantur.
571 3141 666 3201 quam
698 3120 804 3182 multis
835 3123 962 3185 diuitiae
992 3140 1106 3202 graues
1137 3125 1228 3184 sunt?
1260 3143 1357 3204 quam
1389 3122 1464 3185 mul-

333 3298 346 3349 l
367 3300 418 3347 uisu
439 3296 476 3363 (in
495 3303 580 3366 mam:
601 3312 634 3352 m.
654 3299 670 3347 4
690 3313 711 3348 c.
731 3294 784 3357 usu)
873 3295 891 3347 4
910 3299 953 3347 sed
972 3298 1045 3348 aliurn
1067 3295 1149 3351 Gertz
1166 3296 1225 3350 stne
1243 3296 1343 3352 idonea
1362 3298 1467 3352 ratione

333 3386 472 3451 flnunqur't
575 3386 605 3437 11
633 3386 757 3435 affectatio
858 3387 969 3437 fortunae
988 3384 1153 3440 deteriores:
1173 3387 1253 3450 forme
1360 3371 1480 3454 querellas

243 3525 373 3597 Madut'p:
394 3544 442 3593 qua
525 3526 566 3579 12
591 3527 725 3591 plerosq;s
815 3527 959 3591 sequentis*
1058 3526 1092 3579 14
1115 3503 1210 3577 ουτῖιῖηι
1299 3471 1338 3578 sei1
1354 3487 1467 3578 marceiis

351 3615 383 3667 15
409 3621 467 3680 aput
489 3619 510 3677 (t
529 3615 612 3680 corr.)
746 3613 779 3666 17
803 3615 876 3663 uita*
898 3614 999 3685 (parua
1017 3612 1083 3683 ras.)
1196 3631 1271 3680 quam
1296 3632 1342 3666 nos
1367 3618 1467 3667 uiuimus

208 3685 218 3697 Ν
243 3702 392 3758 Pincianus
411 3709 436 3756 et
454 3701 510 3755 Et:
532 3720 580 3768 qua
598 3705 700 3752 uiuimus
807 3700 840 3754 18
864 3709 951 3767 urgent
970 3708 993 3752 et
1012 3699 1142 3773 Madm'q:
1163 3709 1275 3768 urgentes
1387 3704 1419 3758 19
1444 3706 1466 3753 in

244 3795 379 3859 dispectum
399 3791 461 3845 otim
480 3807 567 3845 corr:
588 3791 732 3856 indespectt‘r
835 3790 869 3842 20
894 3791 1004 3841 attollere
1105 3793 1148 3842 sed
1166 3793 1291 3843 demersos
1312 3789 1466 3855 Pinetam,

243 3881 291 3951 qui
307 3880 419 3950 scripsit
438 3885 527 3934 tamen
546 3895 639 3929 mersos
659 3879 793 3945 (demersos
811 3876 954 3949 Madu&):
976 3886 999 3929 et
1017 3896 1124 3930 emersos
1226 3880 1260 3933 22
1285 3882 1351 3931 uelut
1370 3883 1466 3947 profun-

244 3972 302 4020 dum
321 3987 390 4019 mare
410 3966 507 4022 Gertz:
528 3969 593 4017 uelut
611 3968 734 4033 profundo
753 3969 816 4016 mari
933 3967 967 4020 23
992 3970 1136 4040 fluctuantur
1155 3966 1321 4022 deteriores:
1342 3969 1467 4019 fluctuatur

350 4057 524 4122 cupiditatibus
543 4058 591 4106 suis
610 4054 773 4122 deteriores:
795 4056 970 4121 cupiditatibus
990 4057 1026 4106 uis
1146 4056 1179 4109 24
1204 4062 1252 4106 stat
1271 4054 1402 4127 Madut‘q:
1423 4058 1466 4107 ista

244 4151 319 4225 (nota
337 4144 475 4233 adposita)
566 4146 685 4194 disserere
703 4141 801 4214 uutqo:
822 4146 943 4196 discerere
961 4147 998 4209 (re
1015 4143 1139 4198 additum
1158 4161 1176 4198 a
1195 4143 1465 4206 tornamentorum

333 4235 367 4288 25
381 4237 464 4299 aspice
553 4235 586 4282 ad
600 4233 628 4299 (d
640 4247 678 4286 ex
691 4239 700 4282 t
712 4233 795 4298 corr.)
886 4235 1036 4284 concurritur
1048 4231 1212 4292 deteriores:
1234 4231 1335 4285 Ecurrtt
1349 4232 1387 4299 (ἐκ
1399 4231 1464 4298 ras.)

300 4358 302 4363 ,
334 4321 368 4375 26
393 4324 530 4372 offocentur
551 4318 683 4391 (terraer,
702 4323 850 4371 suffocantur
870 4317 1017 4375 Gruterus:
1039 4323 1174 4372 effocentur
1197 4319 1236 4388 (t‘rt
1254 4336 1341 4388 maro.
1361 4335 1431 4374 man.
1449 4322 1479 4392 3*

246 4411 390 4477 xffocantur)
