3046 5092
232 341 298 404 212
389 337 468 381 DIAL.
486 337 525 382 IX.
554 340 596 379 AD
611 335 753 381 SERENVM
769 338 809 380 DE
822 336 1087 392 TRANQVILLITATE
1101 341 1199 386 ANIMI.
1229 344 1262 390 11.
1278 344 1311 390 12.

227 455 297 549 ‘hoc
319 486 472 562 futurum,
503 496 551 562 et,
582 508 734 570 umquam
757 497 791 551 tu
814 486 877 550 hoc
907 460 1092 551 euenturum
1124 490 1332 556 credidisses?
1362 511 1485 575 quare·

126 632 135 647 ·
233 601 340 656 autem
370 597 455 655 non?
494 614 575 675 quae
605 603 677 657 sunt
708 594 850 669 diuitiae,
881 613 959 675 quas
990 615 1055 656 uon
1070 577 1072 581 ¹
1085 601 1211 676 egestas
1242 607 1276 661 et
1303 597 1404 662 fames
1428 608 1459 662 et

233 699 419 763 mendicitas
441 721 460 762 a
483 708 575 780 tergo
599 703 768 780 sequatur?
800 720 881 780 quae
904 700 1050 781 dignitas,
1074 703 1159 763 cuius
1174 723 1239 764 nou
1255 714 1458 785 praetextam

233 813 266 866 et
289 806 438 887 augurale
461 815 493 868 et
515 804 584 867 lora
606 808 737 888 patricia
759 807 870 869 sordes
891 808 1082 871 comitentur
1096 817 1130 870 et
1146 812 1339 890 exportatio,
1361 822 1459 876 notae

172 987 185 1001 x
206 920 265 974 set
288 911 372 975 mille
396 912 539 974 maculae
562 922 595 974 et
618 922 762 975 attrema
785 912 1003 993 contemptio?
1042 915 1131 995 quod
1155 936 1289 997 regnum
1313 927 1379 994 est,
1411 889 1460 982 ciri

231 1038 297 1079 non
326 1028 437 1100 parata
467 1019 506 1081 sit
534 1019 620 1081 ruina
643 1027 675 1081 et
697 1018 894 1101 proculcatio
918 1027 950 1081 et
974 1012 1121 1082 dominus
1145 1030 1177 1083 et
1200 1022 1360 1087 carnifex?
1385 1008 1460 1088 ¹nec

233 1125 355 1206 magnis
377 1127 439 1188 ista·
460 1123 629 1187 interuallis
653 1126 768 1200 diuisa,
800 1126 857 1187 sed
880 1125 979 1187 horae
1002 1136 1201 1189 momentum
1224 1131 1356 1193 interest
1378 1132 1459 1194 inter

231 1229 344 1293 solium
368 1241 400 1294 et
423 1229 522 1293 aliena
544 1251 656 1313 genua
694 1232 774 1294 scito
791 1251 868 1310 orgo
886 1251 1015 1293 omnem
1032 1222 1252 1296 condicionem
1268 1237 1459 1300 uersabilem
1478 1250 1509 1303 10

232 1356 302 1398 esse
331 1346 363 1399 et
390 1337 543 1419 quidquid
566 1338 596 1398 in
620 1337 716 1399 ullum
740 1338 882 1412 incurrit,
912 1357 1008 1420 posse
1030 1341 1062 1400 in
1085 1346 1118 1399 te
1140 1359 1269 1422 quoque
1292 1343 1458 1408 incurrere.

194 1463 217 1502 ιο
231 1441 371 1524 locuples
402 1463 455 1505 es:
495 1438 649 1525 numquid
682 1443 807 1505 diuitior
830 1443 1006 1524 Pompeio?
1045 1445 1094 1506 cui
1125 1465 1197 1506 cum
1221 1444 1334 1524 Gaius,
1365 1457 1459 1510 uetus

231 1557 401 1629 cognatus,
436 1547 554 1630 hospes
584 1569 702 1623 nouoS,
739 1549 912 1630 aperuisset
942 1548 1085 1611 Caesaris
1116 1551 1265 1628 domum,
1300 1561 1336 1615 ut
1366 1574 1457 1616 suam

230 1653 385 1730 cluderet,
416 1653 516 1717 defuit
545 1655 650 1736 panis,
681 1675 771 1736 aqua
817 1675 889 1716 cum
920 1664 970 1718 tot
991 1654 1121 1717 'flumina
1143 1657 1322 1738 possideret
1344 1660 1375 1720 in
1399 1681 1457 1723 suo

230 1763 368 1836 orientia,
392 1761 423 1821 in
446 1781 504 1823 suo
528 1761 680 1835 cadentia,
705 1761 897 1822 mendicauit
920 1759 1081 1824 stillicidia.
1126 1761 1210 1825 fame
1232 1783 1270 1826 ac
1292 1765 1342 1828 siti
1365 1769 1457 1847 periit

230 1866 260 1927 in
291 1867 409 1947 palatio
440 1867 582 1947 cognati,
614 1865 689 1928 dum
718 1866 758 1929 illi
780 1866 872 1928 heres
895 1866 1054 1948 publicum
1078 1867 1168 1931 funus
1192 1870 1337 1933 esurienti
1362 1871 1455 1935 locat

191 1992 215 2032 15
229 1971 402 2035 honoribus
430 1973 561 2035 summis
584 1971 708 2034 functus
733 1993 785 2034 es:
820 1974 972 2054 numquid
996 1983 1050 2036 aut
1073 1984 1139 2037 tam
1164 1977 1287 2057 magnis
1310 1987 1366 2041 aut
1388 1988 1456 2042 tam
1476 1993 1505 2045 11

228 2079 392 2160 insperatis
415 2088 469 2142 aut
492 2087 558 2140 tarn
583 2079 731 2141 uniuersis
756 2100 851 2160 quam
868 2078 1020 2142 Seianus?
1053 2101 1118 2161 quo
1143 2082 1194 2143 die
1217 2081 1303 2144 illum
1327 2094 1457 2147 senatus

230 2186 423 2261 deduxerat,
454 2184 590 2267 populus
618 2188 649 2247 in
673 2185 770 2247 frusta
794 2186 905 2249 diuisit.
951 2188 982 2247 in
1005 2208 1117 2267 quem,
1150 2189 1303 2271 quidquid
1327 2195 1459 2272 congeri
1486 2265 1488 2269 ἲ

229 2301 371 2372 poterat,
403 2293 434 2354 di
465 2290 672 2374 hominesque
696 2290 909 2368 contulerant,
941 2314 983 2355 ex
1007 2313 1046 2356 eo
1070 2293 1143 2356 nihil
1167 2295 1335 2377 superfuit,
1367 2298 1456 2379 quod

229 2398 369 2460 carnifex
392 2399 540 2461 traheret
578 2419 636 2460 rex
661 2419 713 2460 es:
747 2419 812 2459 non
835 2399 877 2460 ad
893 2397 1085 2493 Croesumt
1072 2401 1255 2478 temittam,
1270 2404 1324 2483 qui
1339 2423 1456 2485 rogum
1476 2417 1505 2469 12

189 2524 215 2564 ru
229 2526 320 2567 suum
343 2515 375 2568 et
398 2507 520 2568 incendi
544 2506 632 2567 uiuus
656 2514 688 2567 et
711 2506 853 2586 extingui
876 2507 961 2582 uidit,
985 2506 1086 2569 factus
1109 2527 1173 2575 non
1197 2529 1296 2608 regno
1320 2518 1455 2585 tantum,

228 2612 283 2674 sed
308 2613 402 2673 etiam
427 2614 522 2675 morti
542 2633 617 2690 suae
639 2621 805 2694 superstes.
853 2633 917 2673 non
933 2591 974 2674 ad
989 2613 1183 2694 Iugurtham,
1207 2635 1303 2696 quern
1319 2615 1455 2697 populus

227 2719 392 2781 Romanus
423 2720 504 2781 intra
532 2740 665 2794 annum,
697 2739 793 2800 quam
824 2719 987 2795 timuerat,
1017 2720 1179 2801 spectauit.
1232 2714 1485 2785 Ptolemaeum

228 2824 355 2887 Africae
378 2846 497 2906 regern,
520 2825 694 2887 Armeniae
709 2823 916 2888 Mithridaten
939 2826 1019 2889 inter
1035 2825 1172 2889 Gaianas
1193 2828 1354 2890 custodias
1376 2829 1453 2891 uidi-

228 2953 316 2994 mus:
350 2931 429 2994 alter
452 2932 483 2994 in
507 2932 634 2994 exilium
659 2934 772 2994 missus
795 2941 852 3006 est,
876 2932 955 2993 alter
977 2942 1012 2995 ut
1035 2932 1166 2995 meliore
1186 2932 1250 2995 fide
1265 2936 1453 3010 mitteretur,

188 3056 213 3097 25
229 3039 371 3122 optabat.
418 3038 449 3099 in
479 3046 569 3100 tanta
596 3059 700 3100 rerum
728 3059 851 3100 sursum
875 3058 913 3100 ac
936 3039 1086 3101 deorsum
1109 3041 1248 3101 euntium
1272 3044 1452 3104 uersatioue

227 3146 252 3207 si
282 3166 346 3207 non
378 3145 531 3227 quidquid
561 3145 627 3207 fieri
657 3153 780 3227 potest,
811 3165 870 3226 pro
901 3144 1006 3207 futuro
1034 3144 1149 3220 habes,
1181 3146 1238 3207 das
1261 3147 1292 3208 in
1316 3155 1350 3208 te
1372 3148 1453 3210 uires

227 3252 320 3312 rebus
344 3253 493 3326 aduersis,
517 3272 595 3332 quas
618 3250 752 3331 infregit,
775 3251 914 3332 quisquis
937 3251 1024 3333 prior
1046 3252 1131 3313 uidit.

279 3399 284 3405 ·
315 3356 382 3418 XII.
422 3357 608 3419 Proximum
639 3357 680 3417 ab
713 3354 761 3418 his
792 3357 865 3431 erit,
897 3377 937 3418 ne
968 3365 1022 3418 aut
1052 3357 1083 3417 in
1106 3357 1307 3438 superuacuis
1325 3366 1385 3420 aut
1409 3375 1479 3426 ext

225 3483 420 3545 superuacuo
443 3462 634 3537 laboremus,
657 3463 689 3525 id
713 3471 769 3536 est,
793 3482 833 3523 ne
856 3483 938 3544 quae
958 3471 1091 3524 autnon
1108 3483 1277 3544 possumus
1293 3466 1451 3547 consequi,

185 3584 211 3645 31
226 3571 500 3653 concupiscamus,
532 3578 586 3631 aut
609 3568 716 3650 adepti
739 3568 913 3631 uanitatem
936 3568 1153 3652 cupiditatium
1176 3578 1357 3632 nostrarum
1380 3589 1451 3633 sero

226 3748 438 3755 ——-—.

224 3851 240 3904 3
260 3855 370 3917 pretexti]
389 3857 412 3901 et
431 3852 546 3915 augurale
564 3848 633 3915 cod„
652 3855 804 3917 praetextam
823 3851 964 3916 auguralem
983 3847 1097 3921 Madvig
1116 3870 1118 3875 ’
1187 3850 1204 3903 4
1223 3853 1362 3918 exportatio
1382 3850 1450 3920 cod,

224 3941 380 4007 exprobratio
391 3936 506 4010 Maduiq
597 3940 699 4004 omina
784 3939 912 4004 9quich
996 3938 1029 3991 14
1042 3940 1143 4004 cognati
1156 3937 1322 3994 deteriores:
1343 3948 1451 4007 cognata

313 4064 346 4116 16
369 4035 410 4114 aut
429 4067 456 4114 ta't
473 4064 590 4113 uniuersis
610 4032 736 4130 (uniuersis
753 4062 781 4115 in
800 4065 866 4127 ras.)
923 4075 926 4080 “
959 4061 992 4116 17
1017 4063 1119 4112 infrusta
1139 4062 1177 4131 (in
1196 4063 1321 4133 margine
1337 4068 1449 4131 11111.

222 4152 319 4219 frustra)
410 4153 503 4217 quich
594 4151 628 4204 18
652 4152 812 4216 hominesque
831 4148 997 4204 deteriores:
1019 4153 1131 4202 homines
1149 4169 1198 4217 quo
1295 4152 1330 4206 19
1355 4168 1448 4217 crpsum

329 4240 363 4295 20
388 4240 486 4290 incendi
504 4241 573 4290 uiuus
591 4237 752 4293 Mucianus:
774 4240 882 4289 escendit
901 4240 959 4296 iuss;
1069 4244 1175 4303 tantum,
1194 4240 1238 4290 sed
1257 4240 1331 4290 etiam
1349 4238 1446 4310 11111901

221 4352 291 4397 tantu
304 4347 355 4397 etia
367 4343 427 4399 cod.
518 4345 550 4398 21
564 4347 654 4411 supstis
743 4331 879 4410 quepjl.
965 4343 1131 4409 22pt010meu
1222 4344 1379 4398 25euntiu*

221 4432 255 4486 26
274 4435 366 4498 quich
