3046 5092
583 113 590 137 f

452 322 531 365 DlAL.
547 323 573 363 V.
602 322 642 362 DE
656 322 708 362 IRA
723 322 778 365 LIB.
794 321 833 365 Ill.
863 324 894 364 13.
912 323 943 365 lt.
1266 329 1307 388 97

85 470 148 532 eius
164 469 337 531 obruamus
360 478 393 531 et
416 466 500 529 illam
523 477 676 549 quantum
700 468 766 530 fieri
788 477 896 550 potest
918 467 1074 531 occultam
1091 479 1309 550 secretamque
1385 522 1389 536 .

10 582 35 632 Ξ
85 586 256 638 teneamus.
296 596 368 639 cum
392 596 508 656 magna
531 577 562 636 id
585 565 693 638 nostra
717 578 863 640 molestia
884 577 947 639 fiet.
986 579 1070 658 cupit
1094 573 1176 638 enim
1197 576 1309 639 ¹exilire

83 693 115 746 et
138 683 306 746 incendere
336 683 445 746 oculos
476 694 508 746 et
540 691 661 746 mutare
693 683 813 745 faciem.
859 686 915 746 sed
938 685 964 747 si
991 684 1129 746 eminere
1152 683 1193 744 illi
1216 695 1308 746 extra

81 811 141 853 nos
172 790 272 866 licuit,
310 797 414 872 supra‘
435 811 494 853 nos
525 800 581 853 est.
636 791 667 852 in
699 792 763 853 imo
794 792 931 872 pectoris
961 811 1098 878 secessu⁴
1118 793 1308 854 recondatur

82 898 277 979 feraturque,
316 918 380 959 non
411 898 497 960 ferat.
550 899 650 959 immo
681 898 711 958 in
743 898 931 959 contrarium
963 897 1071 960 omnia
1101 899 1166 958 eius
1196 899 1334 960 indicias

82 1004 266 1068 flectamus:
303 1005 406 1067 uoltus
430 1005 614 1077 remittatur,
639 1025 704 1066 uox
727 1002 826 1066 lenior
848 1005 897 1080 sit,
924 1006 1042 1085 gradus
1065 1004 1185 1066 lentior.
1231 1025 1306 1086 pau-

22 1112 48 1164 3
81 1111 169 1173 latim
195 1132 267 1173 cum
284 1111 493 1175 exterioribus
508 1111 655 1173 interiora
678 1111 859 1173 formantur.
895 1111 926 1172 in
941 1095 1160 1174 Socrate'irae
1183 1113 1307 1193 signum

81 1229 149 1281 erat
172 1239 287 1281 uocem
310 1218 524 1292 summittere,
555 1217 639 1298 loqui
662 1219 794 1300 parcius
841 1219 1016 1299 apparebat
1043 1228 1118 1280 tunc
1140 1218 1226 1280 illum
1249 1219 1308 1282 sibi

80 1334 217 1408 opstare.
265 1324 562 1405 deprehendebatur
592 1325 697 1404 itaque
727 1344 747 1385 a
776 1323 977 1387 familiaribus
1008 1334 1040 1386 et
1068 1326 1307 1407 coarguebatur,

80 1453 140 1494 nec
163 1441 232 1494 erat
255 1431 295 1493 illi
326 1431 532 1512 exprobratio
563 1430 712 1495 latitantis
743 1432 805 1492 irae
837 1432 968 1512 ingrata.
1013 1434 1122 1514 quidni
1146 1435 1307 1513 gauderet,
1325 1459 1347 1499 ιο

80 1540 171 1619 quod
201 1539 279 1600 iram
311 1559 400 1600 suam
432 1538 521 1600 multi
552 1537 786 1618 intellegerent,
824 1559 920 1601 nemo
950 1540 1100 1602 sentiret?
1139 1542 1309 1603 sensissent

82 1654 207 1720 autem,
238 1646 295 1707 nisi
318 1646 364 1706 ius
387 1646 493 1707 amicis
526 1645 714 1724 obiurgandi
741 1666 775 1706 se
799 1645 956 1720 dedisset,
986 1647 1066 1708 sicut
1092 1648 1158 1728 ipse
1189 1647 1247 1709 sibi
1277 1649 1308 1709 in

56 1753 202 1815 lamicos
226 1761 411 1833 sumpserat.
450 1761 570 1832 quanto
595 1753 695 1832 magis
719 1751 782 1814 hoc
804 1751 896 1813 nobis
919 1751 1096 1814 faciendum
1120 1756 1185 1814 est?
1214 1774 1305 1835 roge·

81 1839 151 1922 mus
183 1860 407 1921 amicissimum
435 1879 610 1939 quemque,
642 1858 690 1919 ut'
706 1870 782 1921 tunc
812 1859 952 1921 maxime
983 1859 1125 1922 libertate
1155 1861 1307 1923 aduersus

80 1987 138 2029 nos
162 1976 276 2041 utatur,
300 1986 368 2026 cum
392 1966 527 2027 minime·
543 1964 627 2026 illam
650 1968 715 2046 pati
737 1967 920 2047 poterimus,
948 1987 1007 2028 nec
1030 1966 1222 2028 adsentiatur
1243 1968 1307 2030 irae
1323 1990 1346 2030 rs

79 2085 216 2136 nostrae.
264 2083 374 2135 contra
396 2081 511 2155 potens
535 2055 654 2134 malum
678 2081 711 2133 et
733 2075 818 2153 apud
841 2093 900 2134 nos
924 2073 1107 2154 gratiosum,
1130 2076 1208 2136 dum
1232 2095 1306 2137 con-

46 2181 226 2262 osipimus,
257 2181 334 2241 dum
357 2181 457 2241 nostri
480 2200 604 2254 sumus,
635 2181 837 2241 aduocemus.
883 2180 936 2260 qui
964 2180 1070 2241 uinum
1099 2179 1182 2242 male
1205 2180 1308 2247 ferunt

79 2298 111 2350 et
135 2287 296 2349 ebrietatis
327 2285 409 2348 suae'
433 2287 645 2349 temeritatem
669 2306 707 2348 ac
733 2285 939 2367 petulantiam
963 2295 1122 2361 metuunt,
1155 2290 1308 2350 mandant

77 2395 158 2468 suis,
190 2402 225 2455 ut
255 2414 272 2454 e
304 2394 449 2455 conuiuio
479 2393 665 2455 auferantur.
712 2394 986 2474 intemperantiam
1017 2394 1047 2455 in
1078 2393 1193 2463 morbo
1216 2414 1306 2456 suam

42 2503 204 2582 ssexperti
235 2521 345 2581 parere
375 2503 449 2581 ipsis
479 2501 510 2560 in
541 2501 675 2562 aduersa
707 2500 885 2562 ualetudine
913 2509 1031 2563 uetant.
1077 2502 1234 2583 optimum
1259 2509 1307 2562 est
1320 2524 1346 2562 20

76 2609 160 2670 notis
192 2608 273 2669 uitiis
304 2607 519 2687 inpedimenta
548 2607 729 2687 prospicere
760 2616 792 2668 et
822 2616 895 2668 ante
924 2608 1030 2668 omnia
1052 2607 1096 2668 ita
1125 2627 1306 2688 conponere

35 2720 37 2724 ’
75 2716 228 2789 animum,
252 2724 285 2776 ut
309 2715 403 2776 etiam
427 2715 617 2794 grauissimis
640 2713 734 2776 rebus
758 2713 932 2794 subitisque
955 2734 1126 2776 concussus
1150 2714 1227 2777 iram
1251 2726 1306 2779 aut

74 2841 141 2882 non
165 2820 280 2881 sentiat
303 2830 357 2882 aut
381 2820 596 2899 magnitudine
619 2819 798 2915 inopinatae
825 2820 951 2881 iniuriae
980 2829 1128 2882 exortam
1152 2821 1183 2880 in
1206 2819 1304 2884 altum

37 2925 219 2989 fretrahat
244 2922 308 2987 ¹nec
340 2925 484 2988 dolorem
508 2946 598 2987 suum
623 2925 829 3006 profiteatur.⁴
861 2927 892 2988 id
925 2925 995 2989 fieri
1013 2948 1109 3009 posse
1132 2928 1305 3008 apparebit,

74 3035 101 3095 si
126 3054 229 3114 pauca
251 3054 292 3094 ex
316 3034 409 3094 turba
432 3033 550 3113 ingenti
574 3033 724 3113 exempla
738 3032 910 3114 protulem,
934 3053 975 3094 ex
999 3035 1113 3113 quibus
1137 3044 1345 3116 utrumquem

74 3142 199 3202 discere
215 3138 295 3215 licet,
319 3150 471 3221 quantum
495 3140 568 3201 mali
584 3138 702 3201 habeat
724 3140 776 3214 ira,
801 3139 853 3200 ubi
869 3140 1033 3201 hominum
1050 3144 1305 3223 praepotentium

73 3255 239 3329 potestate
262 3256 332 3308 tota
355 3247 458 3322 utitur,
482 3257 634 3327 quantum
659 3247 716 3307 sibi
740 3247 895 3328 imperare
917 3248 1026 3328 possit,
1050 3247 1102 3308 ubi
1126 3258 1213 3310 metu
1237 3271 1304 3312 ma-

73 3355 144 3417 iore
169 3374 340 3433 conpressa
364 3363 420 3417 est.
477 3361 484 3368 ”

38 3466 48 3516 l
166 3460 254 3521 XIV.
294 3459 477 3539 Cambysen
501 3480 609 3540 regem
634 3461 724 3522 nimis
748 3461 890 3522 deditum
914 3462 987 3523 uino
1005 3461 1202 3544 Praexaspes
1226 3486 1304 3526 unus

71 3590 117 3631 ex
150 3569 315 3630 carissimis
346 3568 514 3642 monebat,
547 3577 581 3629 ut
611 3568 733 3650 parcius
765 3567 905 3643 biberet,
941 3578 1065 3650 turpem
1097 3591 1166 3632 esse
1197 3572 1304 3633 dicens
1318 3592 1343 3630 30

153 3799 171 3851 4
183 3816 256 3864 supra
269 3815 314 3848 nos
328 3799 395 3848 licuit
409 3796 486 3862 (flacc
498 3796 597 3852 lineola
611 3803 773 3852 transuersa
787 3797 886 3865 deleta)
899 3815 973 3863 supra
986 3817 1031 3849 nos
1043 3807 1079 3850 est
1158 3803 1304 3851 recondatur

71 3891 112 3956 (re
132 3889 161 3940 in
180 3903 236 3943 rus.
257 3892 341 3939 extro
359 3888 478 3954 uersum)
570 3890 585 3939 ti
605 3889 683 3939 uultus
778 3889 865 3938 lentior
883 3887 980 3956 uulgo:
1002 3889 1080 3938 lenior
1124 3944 1126 3949 ⁴
1169 3889 1303 3942 liobstare

71 3981 102 4046 (b
123 3993 163 4031 ex
181 3996 198 4042 p
214 3975 331 4044 factum)
441 3978 643 4043 depbendebatur
662 3979 738 4042 (phen
757 3978 785 4029 ἐπ
804 3976 941 4045 7715„fo
956 3976 1079 4045 fortasse
1098 3977 1304 4045 deprendebatur)

153 4067 182 4118 12
201 4067 248 4114 nisi
267 4067 303 4114 ius
321 4064 418 4135 uulqo:
448 4067 494 4114 nisi
515 4068 552 4114 his
625 4051 651 4115 se
671 4067 776 4116 dedisset
796 4067 832 4133 (se
851 4068 900 4116 ded
920 4067 947 4119 fn
966 4067 1034 4133 ras.)
1109 4068 1140 4119 lit
1161 4069 1304 4116 assentiatur

69 4155 167 4226 (prior
183 4173 195 4204 s
214 4156 298 4221 corr.)
398 4155 431 4206 lli
451 4161 536 4204 contra
555 4162 642 4220 polens
662 4153 737 4226 Bt'p.¹
759 4165 889 4226 eontranos
908 4163 996 4222 potens
1087 4157 1153 4221 apud
1173 4156 1200 4220 (d
1219 4157 1302 4222 corr.)

173 4246 323 4309 consipimus
343 4241 510 4297 Gronovius:
533 4245 697 4309 conspicimus
796 4243 827 4297 17
847 4242 878 4309 Qi
898 4245 935 4309 (in
955 4245 1020 4311 ras.)
1117 4246 1152 4298 ‘20
1170 4246 1303 4295 ualitudine

72 4339 92 4403 (i
115 4335 199 4397 corr.)
309 4331 342 4384 23
361 4335 473 4383 sentiat*
594 4335 618 4382 in
638 4328 713 4382 altum
734 4329 870 4386 Muretus:
898 4335 999 4383 inalium
1101 4332 1136 4386 28
1161 4351 1302 4400 compressa

168 4421 201 4476 29
219 4427 371 4488 Praexaspes
390 4419 554 4475 Pincianus:
576 4424 751 4488 thraexhaspes

1071 4511 1087 4564 7
