3060 5078
225 350 266 413 52
603 346 683 390 DIAL.
699 346 740 390 ΙΙΙ.
767 348 808 388 DE
823 347 875 388 IRA
889 347 944 391 LIB.
960 349 978 391 1.
992 352 1025 392 18.
1043 351 1075 392 19.

224 493 350 572 roganti
379 500 507 572 tempus
537 492 666 573 aliquod
697 493 739 554 ad
770 494 1018 575 conquirendum
1049 514 1114 555 non
1138 494 1236 556 dedit.
1282 495 1450 557 damnatus

225 608 317 661 extra
340 598 456 661 uallum
480 600 654 680 productus
678 607 726 660 est
743 601 852 661 etiam
870 600 1023 663 ceruicem
1039 600 1232 682 porrigebat,
1255 621 1328 663 cum
1344 600 1449 662 subito

224 707 369 788 apparuit
406 705 457 767 ille
495 706 670 767 ¹commilito
710 706 763 787 qui
801 706 921 768 occisus
959 706 1135 768 uidebatur.
1194 715 1269 769 tunc
1307 707 1448 769 centurio

224 812 376 895 supplicio
393 812 591 894 praepositus
607 812 746 873 condere
757 811 898 892 gladium
908 811 1139 894 speculatorem
1149 811 1246 889 iubet,
1262 813 1449 876 damnatum

197 932 210 971 ⁵
225 920 266 981 ad
278 919 426 980 Pisonem
445 920 564 980 reducit
581 918 759 980 redditurus
769 918 873 980 Pisoni
885 918 1112 980 innocentiam:
1136 939 1210 981 nam
1224 919 1313 982 militi
1325 918 1458 982 fortuna

224 1025 416 1086 reddiderat.
469 1025 588 1105 ingenti
619 1045 772 1087 concursu
805 1025 1002 1086 deducuntur
1032 1023 1181 1106 conplexi
1213 1024 1292 1086 alter
1315 1024 1452 1087 alterum

224 1151 297 1192 cum
325 1150 444 1211 magno
468 1131 585 1211 gaudio
609 1141 784 1193 castrorum
808 1130 1047 1193 commilitones
1102 1131 1286 1193 conscendit
1313 1130 1457 1193 tribunal

224 1236 416 1299 iurens'Piso
430 1257 467 1298 ac
483 1237 570 1298 iubet
587 1238 658 1299 duci
673 1245 849 1318 utrumque,
865 1246 898 1298 et
913 1257 985 1299 eum
1002 1238 1055 1317 qui
1071 1258 1136 1299 non
1152 1237 1309 1298 occiderat
1326 1245 1359 1298 et
1376 1257 1449 1299 eum

210 1344 277 1424 *qui
292 1363 356 1404 non
372 1344 515 1424 perierat.
546 1344 700 1423 quidhoc
715 1343 887 1424 indignius?
909 1344 981 1424 quia
997 1364 1075 1405 unus
1091 1344 1240 1405 innocens
1249 1352 1447 1425 apparuerat,
1462 1357 1475 1409 5

185 1460 209 1499 ¹0
224 1450 289 1511 duo
319 1448 473 1530 peribant.
518 1450 591 1511 Piso
622 1451 736 1512 adiecit
764 1458 796 1510 et
819 1451 954 1512 tertium.
999 1469 1073 1511 nam
1096 1451 1198 1531 ipsum
1223 1451 1446 1524 centurionem,

223 1558 276 1637 qui
307 1557 493 1617 damnatum
524 1555 707 1631 reduxerat,
733 1556 809 1624 ,duci
840 1557 936 1617 iussit.
987 1555 1148 1618 constituti
1179 1564 1251 1617 sunt
1274 1556 1307 1616 in
1331 1556 1444 1617 eodem

220 1661 275 1723 illo
305 1660 377 1723 loco
405 1663 532 1743 perituri
555 1670 619 1723 tres
643 1663 687 1723 ob
711 1663 798 1723 unius
821 1662 1042 1725 innocentiam.
1090 1683 1110 1723 o
1141 1682 1236 1743 quam
1264 1661 1471 1732 sollersestss

222 1769 380 1831 iracundia
410 1769 452 1831 ad
481 1767 647 1849 fingendas
685 1789 794 1830 causas
832 1766 962 1829 furoris!
1015 1777 1060 1841 te,
1096 1769 1207 1850 inquit,
1240 1769 1312 1830 duci
1343 1768 1443 1842 iube0,

163 1891 167 1905 ·
223 1876 295 1955 quia
318 1857 487 1937 damnatus
511 1895 554 1936 es.
600 1884 648 1949 te,
677 1876 750 1956 quia
773 1895 867 1936 causa
890 1875 1100 1937 damnationis
1124 1873 1333 1936 commilitoni
1356 1873 1443 1937 fuisti.

184 1997 208 2038 15
222 1990 271 2056 te,
308 1983 380 2061 quia
416 1982 515 2043 iussus
555 1983 700 2043 occidere
737 1972 920 2061 imperatori
958 2001 1023 2041 non
1060 1981 1196 2063 paruisti.
1252 1982 1446 2062 excogitauit

222 2088 495 2170 quemadmodum
519 2088 578 2148 tria
601 2088 728 2149 crimina
751 2086 876 2161 faceret,
900 2086 973 2167 quia
994 2085 1113 2147 nullum
1137 2087 1307 2148 inuenerat.

311 2193 399 2254 XIX.
444 2192 565 2266 Habet,
596 2193 737 2274 inquam,
767 2193 927 2253 iracundia
958 2192 1021 2254 hoc
1052 2192 1146 2254 mali:
1188 2212 1253 2254 non
1280 2191 1348 2253 uult
1373 2194 1475 2273 regii

221 2300 362 2370 irascitur
392 2299 513 2360 ueritati
543 2299 613 2380 ipsi,
644 2298 670 2360 si
701 2308 812 2360 contra
842 2298 1037 2361 uoluntatem
1061 2319 1151 2361 suam
1175 2299 1327 2381 apparuit.
1375 2319 1445 2361 cum

222 2406 360 2468 clamore
393 2414 425 2466 et
455 2404 589 2467 tumultu
622 2413 654 2467 et
684 2407 780 2466 totius
809 2406 956 2487 corporis'
978 2405 1144 2467 iactatione
1172 2425 1253 2486 quos
1277 2405 1446 2467 destinauit

179 2527 205 2568 πο
219 2513 389 2594 insequitur
421 2512 549 2573 adiectis
579 2511 726 2574 conuiciis
757 2510 1001 2603 maledictisque.
1052 2511 1115 2573 hoc
1146 2532 1211 2573 non
1238 2509 1313 2572 facit
1343 2513 1478 2576 ratio:2

218 2620 277 2681 sed
299 2620 325 2681 si
347 2620 391 2680 ita
414 2639 493 2700 opus
518 2625 574 2692 est,
597 2616 690 2679 silens
713 2618 879 2698 quietaque
901 2625 987 2679 totas
1012 2618 1127 2680 domus
1150 2615 1288 2678 funditus
1312 2616 1396 2679 tollit
1415 2624 1447 2678 et

218 2725 356 2788 familias
387 2723 576 2805 reipublicae
607 2724 789 2804 pestilentes
820 2744 891 2785 cum
924 2724 1107 2804 coniugibus
1139 2743 1176 2784 ac
1206 2722 1311 2785 liberis
1333 2724 1447 2804 perdit,

218 2841 304 2894 tecta
333 2833 401 2913 ipsa
429 2832 522 2893 diruit
546 2838 578 2892 et
600 2830 670 2892 solo
695 2838 854 2911 exaequat
877 2838 909 2891 et
932 2831 1056 2892 inimica
1077 2828 1213 2892 libertati
1237 2830 1367 2891 nomina
1391 2849 1446 2891 ex-

217 2939 331 3020 tirpat:
364 2937 428 3000 hoc
451 2957 516 2998 non
538 2935 685 2997 frendens
708 2956 768 2997 nec
790 2944 885 3018 caput
908 2956 1060 3018 quassans
1083 2955 1141 2997 nec
1164 2937 1332 3017 quicquam
1356 2935 1445 2997 inde-

178 3058 204 3099 25
219 3065 327 3106 corum
351 3044 443 3105 iudici
466 3042 591 3116 iaciens,
614 3042 699 3103 cuius
723 3049 790 3102 tum
814 3043 956 3104 maxime
978 3041 1119 3123 placidus
1143 3062 1213 3104 esse
1236 3040 1335 3103 debet
1360 3049 1393 3102 et
1415 3042 1447 3102 in

219 3159 302 3212 statu
313 3149 424 3222 uoltus
441 3169 513 3210 cum
525 3168 641 3228 magna
648 3149 837 3230 pronuntiat.
869 3147 951 3228 quid
954 3158 1033 3227 opus
1041 3157 1096 3224 est,
1112 3149 1212 3229 inquit
1220 3147 1449 3226 Hieronymus
1467 3162 1482 3215 3

219 3276 289 3317 cum
313 3255 393 3316 uelis
415 3253 547 3315 caedere
568 3254 717 3335 aliquem,
736 3257 798 3315 'tua
814 3254 912 3333 peries
935 3253 1030 3315 labra
1054 3253 1224 3315 mordere?
1246 3253 1331 3335 quid,
1356 3254 1382 3315 si
1397 3252 1450 3315 ille

219 3363 347 3423 uidisset
378 3359 573 3422 desilientem
605 3361 647 3422 de
669 3359 814 3422 tribunali
837 3360 1061 3441 proconsulem
1086 3367 1118 3421 et
1140 3359 1241 3421 fasces
1264 3358 1369 3421 lictori
1393 3381 1448 3422 au-

220 3463 374 3529 ferentem
405 3474 437 3527 et
467 3474 591 3528 suamet
621 3467 810 3548 uestimenta
839 3466 1051 3540 scindentem,
1083 3467 1154 3547 quia
1177 3465 1297 3527 tardius
1320 3466 1449 3529 scinde-

177 3587 203 3626 30
218 3574 333 3636 bantur
356 3573 475 3634 aliena?
519 3573 594 3654 quid
626 3592 705 3654 opus
729 3581 777 3634 est
800 3593 943 3641 mensam
967 3576 1129 3634 euertere?
1160 3572 1235 3654 quid
1258 3570 1377 3652 pocula
1392 3573 1488 3639 ad·4

218 3680 343 3761 fligere?
382 3680 459 3760 quid
486 3699 523 3741 se
551 3681 583 3741 in
614 3678 776 3740 columnas
807 3679 990 3760 inpingere?
1029 3677 1111 3760 quid·
1137 3676 1266 3760 capillos
1290 3675 1451 3741 auellere?

217 3785 318 3848 femur
348 3793 521 3867 pectusque
551 3787 735 3867 percutere?
774 3793 926 3866 quantam
949 3785 1027 3846 iram
1050 3791 1155 3865 putaS,
1187 3803 1282 3866 quae,
1316 3785 1392 3864 quia
1416 3785 1450 3847 in

217 3893 312 3954 alium
335 3912 400 3953 non
424 3901 491 3953 tam
515 3892 578 3953 cito
602 3911 697 3972 quam
721 3889 788 3951 uult
811 3891 955 3972 erumpit,
978 3891 1009 3951 in
1032 3910 1066 3951 se
1088 3891 1270 3951 reuertitur?
1301 3896 1454 3953 tenentur

218 4001 324 4080 itaque
352 4019 371 4059 a
393 3998 548 4080 proximis
572 4005 604 4058 et
627 4005 787 4077 rogantur,
811 4004 845 4057 ut
868 3996 926 4058 sibi
949 3997 1007 4078 ipsi
1029 3995 1200 4077 placentur.
1246 4015 1383 4075 quorum
1409 3997 1489 4064 nilo

219 4159 429 4170 ——qffl—

220 4261 253 4314 10
271 4263 412 4326 periebant
485 4260 517 4313 13
536 4261 584 4325 iqd
605 4261 633 4326 (d
647 4274 720 4313 corr.
740 4258 767 4311 in
785 4259 803 4324 t)
879 4258 912 4312 18
931 4261 1082 4310 uoluntatem
1101 4257 1202 4328 Neup.:
1223 4259 1377 4324 uoluptatem

218 4349 252 4401 22
272 4352 384 4434 coiugrb7
406 4351 476 4419 (sup.
496 4366 511 4398 o
528 4346 652 4416 fortasse
670 4346 770 4402 lineola
786 4346 853 4416 fuit)
962 4347 995 4401 26
1015 4349 1093 4398 uultus
1201 4346 1235 4399 27
1254 4347 1344 4398 cedere

218 4437 253 4491 30
272 4439 390 4504 adfligere
410 4438 432 4503 (f
447 4437 598 4506 superscr.)
694 4437 727 4489 31
747 4444 865 4502 lpungere
964 4435 998 4489 34
1017 4437 1065 4485 sibi
1084 4436 1132 4500 ipsi
1151 4432 1211 4489 cod.
1230 4437 1278 4500 ipsi
1296 4437 1346 4485 sibi
1365 4435 1455 4506 utuiqe)
