3046 5092
537 835 540 839 '
579 966 582 970 .
657 907 686 971 E.
717 907 858 973 rl'NNAEl
882 907 1047 974 SENECAE

461 1055 900 1152 nrmouuuvn
935 1056 1131 1151 nunu.
1166 1057 1249 1153 xi.

634 1250 703 1311 ‘nu
724 1265 883 1312 nanuum
902 1265 1051 1313 rrn'rnun
1120 1258 1122 1263 ⁴

672 1390 743 1458 'nn
763 1403 1009 1458 consumimur.
1059 1373 1065 1384 ’

330 1677 351 1738 l.
384 1643 491 1756 Saepe
522 1676 597 1748 iam,
635 1683 736 1735 mater
766 1675 902 1755 optima,
940 1676 1080 1756 inpetum
1113 1681 1181 1758 cepi
1210 1678 1397 1740 consolandi
1427 1689 1491 1754 te,1

242 1805 337 1866 saepe
353 1783 496 1844 continui.
538 1791 571 1842 ut
593 1783 753 1854 auderem,
778 1780 877 1842 multa
901 1803 952 1843 me
976 1783 1183 1863 inpellebant:
1218 1785 1356 1865 primum
1382 1787 1464 1847 uide-

176 1963 181 1968 ,
242 1892 299 1953 bar
328 1891 529 1977 depositurus
560 1891 668 1950 omnia
698 1888 917 1962 incommoda,
949 1909 1020 1950 cum
1053 1888 1196 1969 lacrimas
1227 1870 1313 1966 tuas,
1347 1893 1465 1954 etiamsi

242 1997 437 2080 supprimere
468 2017 531 2057 non
563 1996 754 2076 potuissem,
793 1995 915 2056 interim
930 2054 934 2061 ,
948 2006 1033 2057 certe
1072 1996 1297 2060 abstersissem.
1355 2000 1466 2060 deinde

207 2122 229 2167 'a
242 2106 312 2189 plus
339 2104 519 2166 habiturum
545 2123 596 2163 me
620 2103 813 2163 auctoritatis
835 2102 901 2162 non'
923 2102 1111 2183 dubitabam
1136 2105 1177 2165 ad
1201 2105 1404 2167 excitandam
1428 2116 1466 2180 te,

245 2213 269 2274 si
292 2213 375 2294 prior
399 2212 465 2291 ipse
489 2209 765 2271 consurrexissem.
812 2219 976 2290 praeterea
999 2211 1167 2285 timebam,
1199 2232 1239 2272 ne
1262 2232 1282 2272 a
1305 2233 1358 2273 me
1388 2214 1467 2275 uicta

165 2395 167 2399 7
244 2319 368 2381 fortuna
392 2317 526 2397 aliquem
552 2335 695 2377 meorum
721 2317 865 2377 uinceret.
904 2317 1010 2397 itaque
1033 2326 1202 2398 utcumque
1219 2318 1360 2379 conabar
1375 2339 1466 2380 manu

243 2446 336 2506 super
360 2423 487 2505 plagam
512 2443 617 2483 meam
641 2423 776 2503 inposita
798 2425 839 2484 ad
863 2421 1035 2503 obliganda
1059 2423 1188 2486 uolnera
1210 2434 1316 2486 uestra
1336 2435 1467 2506 reptare.

243 2533 306 2594 hoc
336 2530 533 2612 propositum
563 2550 668 2590 meum
694 2538 781 2591 erant
805 2550 908 2590 rursus
931 2551 1013 2611 quae
1036 2533 1247 2593 retardarent:
1268 2531 1385 2609 ,dolori
1405 2541 1496 2606 tuo‚‘2

206 2661 230 2699 ru
245 2640 320 2699 dum
345 2658 454 2699 recens
477 2637 618 2709 saeuiret,
643 2637 781 2697 sciebam
807 2638 1033 2698 occurrendum
1058 2657 1121 2698 non
1139 2658 1216 2712 esse,
1241 2658 1281 2698 ne
1300 2625 1469 2718 illum'ipsa

244 2745 359 2807 solacia
382 2747 542 2807 inritarent
565 2754 596 2805 et
619 2743 836 2805 accenderent.
879 2765 952 2805 nam
977 2745 1007 2806 in
1031 2744 1150 2807 morbis
1173 2765 1301 2825 quoque
1325 2743 1400 2806 nihil
1423 2755 1468 2807 est

244 2853 444 2934 perniciosius
472 2872 567 2932 quam
599 2853 754 2911 inmatura
785 2850 946 2912 medicina.
1001 2852 1213 2933 expectabam
1237 2852 1360 2933 itaque,
1392 2854 1468 2916 dum

245 2962 311 3042 ipse
334 2963 422 3035 uires
438 2979 509 3020 suas
533 2957 690 3038 frangeret
715 2967 746 3019 et
770 2958 810 3018 ad
833 2959 1017 3020 sustinenda
1040 2961 1179 3022 remedia
1203 2981 1294 3022 mora
1310 2962 1469 3042 mitigatus

245 3067 331 3146 tangi
355 3087 389 3149 se
413 3085 450 3126 ac
472 3067 598 3126 tractari
614 3067 789 3145 pateretur.
829 3072 992 3144 praeterea
1015 3085 1086 3126 cum
1104 3066 1211 3126 omnia
1227 3065 1469 3128 clarissimorum

208 3193 230 3231 n
245 3173 439 3253 ingeniorum
472 3180 679 3233 monumenta
717 3173 758 3233 ad
790 3172 1028 3252 conpescendos
1055 3173 1339 3253 ‘moderandosque
1370 3160 1469 3234 luctus

245 3281 409 3360 conposita
433 3278 622 3352 euoluerem‚
646 3299 708 3339 non
732 3279 929 3339 inueniebam
954 3277 1138 3359 exemplum
1161 3279 1233 3352 eiuS,
1256 3279 1309 3360 qui
1326 3278 1468 3340 consola-

245 3395 295 3447 tus
326 3406 399 3446 suos
430 3394 529 3459 esset,
561 3406 632 3446 cum
665 3386 731 3465 ipse
762 3385 803 3446 ab
834 3383 889 3446 illis
913 3385 1157 3465 conploraretur.
1210 3387 1253 3446 ita
1276 3386 1306 3446 in
1330 3407 1365 3447 re
1388 3403 1501 3452 nouat

245 3492 440 3566 haesitabam
465 3494 675 3572 uerebarque,
704 3512 743 3553 ne
773 3491 853 3553 haec
882 3483 947 3552 non
971 3491 1145 3553 consolatio
1169 3502 1268 3566 esset,
1300 3493 1358 3553 sed
1382 3492 1467 3554 exul-

245 3599 369 3660 ceratio.
410 3600 483 3679 quid
507 3600 596 3680 quod
616 3599 705 3659 nouis
728 3599 832 3660 uerbis
855 3618 914 3659 nec
937 3618 979 3658 ex
1003 3596 1123 3679 uolgari
1148 3608 1180 3661 et
1204 3599 1364 3661 cotidiana
1387 3619 1469 3661 sum·

248 3848 256 3898 l
287 3849 383 3910 impetu
479 3844 496 3896 4
521 3861 659 3909 supremerc
755 3842 771 3895 8
796 3845 828 3892 ad
848 3843 886 3911 (iu
904 3844 970 3911 ras.)
1066 3843 1081 3896 il
1107 3850 1175 3894 erant
1194 3840 1381 3914 Bon'qarsius:
1403 3862 1467 3896 era*

362 3933 443 3982 dolori
463 3939 503 3982 tuo
523 3935 558 3983 du
577 3949 660 3982 recens
679 3935 765 3996 seuiret
784 3934 865 3982 dolori
886 3974 898 3992 ,,
920 3940 961 3982 tuo
980 3930 1049 3996 cod„
1069 3932 1096 3984 in
1116 3931 1297 3986 deterioribus
1312 3931 1375 4002 fere
1391 3933 1471 4003 pirus

246 4024 326 4073 dolori
345 4031 386 4072 tuo
406 4037 456 4076 om.
549 4022 576 4073 ll
607 4023 766 4072 accenderent
784 4021 882 4090 urrlqo:
904 4023 1093 4071 accenderentur
1191 4021 1224 4074 12
1249 4025 1382 4072 immatura

245 4147 279 4200 13
293 4150 402 4196 remedia
414 4125 461 4197 1<ira
480 4146 599 4214 (uidetur
617 4153 679 4199 aute
697 4162 780 4216 super
799 4164 813 4196 a
833 4148 907 4200 uocis
926 4149 1035 4196 remedia
1049 4144 1148 4200 lineola
1157 4144 1256 4214 fuisse)
1350 4147 1382 4199 15
1402 4164 1469 4196 com-

246 4238 401 4305 pescendos„
484 4237 516 4288 lt}
540 4238 655 4301 coposita
756 4237 896 4285 consolatus
916 4233 1014 4301 (altera
1032 4251 1104 4297 oea:
1123 4233 1243 4304 usaria)
1346 4236 1379 4288 17
1403 4253 1469 4286 com-

304 4337 365 4362 κ’

245 4377 334 4441 plorat'
