3060 5078
423 319 496 358 DlAL
519 319 543 360 V.
576 320 805 369 bertchramni.
834 323 867 361 33.
884 323 917 361 34.
1222 331 1280 390 ¹¹3

56 466 129 529 fora
151 465 316 549 defatigat,
340 477 447 547 patres
469 466 647 548 liberosque
670 469 848 543 committit,
871 487 993 529 uenena
1016 469 1134 541 miscet,
1158 469 1283 549 gladios

56 584 125 637 tam
149 573 385 657 percussoribus
401 596 498 656 quam
514 575 690 655 legionibus
705 576 808 638 tradit
846 576 926 638 haec
942 585 991 639 est
1005 578 1157 655 sanguine
1172 586 1282 640 nostro

53 680 207 744 delibuta
257 691 388 763 propter
418 681 499 744 hanc
530 703 665 745 uxorum
706 684 954 764 maritorumque
991 692 1101 745 noctes
1068 694 1283 764 esstrepunt

54 786 164 851 litibus
195 797 226 849 et
258 788 423 850 tribunalia
454 790 694 869 magistratuum
725 793 840 870 premit
872 789 980 863 turba,
1018 809 1110 870 reges
1141 792 1322 854 saeuiunt

54 898 243 977 rapiuntque
259 904 291 957 et
307 897 447 959 ciuitates
463 895 562 976 longo
578 895 773 958 saeculorum
790 896 899 958 labore
916 906 1112 959 constructas
1128 908 1281 972 euertunt,
1297 914 1309 952 ⁵

19 1003 90 1065 '2ut
121 1022 234 1065 aurum
259 1013 487 1085 argentumque
510 1003 541 1064 in
565 1006 667 1066 cinere
694 1003 817 1065 urbium
841 1013 1027 1067 scrutentur.
1073 1003 1151 1065 libet
1173 1005 1284 1067 intueri

54 1108 150 1172 fiscos
181 1113 213 1171 in
250 1110 367 1191 angulo
405 1113 554 1174 iacentis:
595 1110 626 1172 hi
661 1119 734 1173 sunt
764 1119 895 1191 propter
925 1131 1005 1191 quos
1035 1109 1115 1173 oculi
1146 1111 1284 1173 clamore

54 1217 290 1298 exprimantur,
327 1215 451 1278 fremitu
490 1218 675 1279 iudiciorum
707 1217 850 1279 basilicae
882 1227 1046 1292 resonent,
1085 1220 1210 1281 euocati
1242 1239 1284 1280 ex

55 1322 236 1405 longinquis
273 1324 452 1403 regionibus
491 1325 609 1387 iudices
647 1325 780 1386 sedeant
818 1324 997 1398 iudicaturi,
1040 1325 1137 1386 utrius
1176 1325 1284 1387 iustior

31 1429 187 1493 lauaritia
209 1431 257 1492 sit.
296 1431 419 1512 quidsi
443 1451 482 1491 ne
505 1440 636 1512 propter
658 1430 769 1492 fiscum
793 1432 932 1511 quidem,
957 1432 1013 1493 sed
1038 1451 1179 1511 pugnum
1204 1435 1284 1494 aeris
1299 1448 1324 1486 1⁰

59 1547 110 1601 aut
139 1539 319 1618 inputatum
349 1557 369 1598 a
399 1557 492 1599 seruo
523 1539 685 1599 denarium
717 1557 816 1599 senex
854 1537 920 1599 sine
958 1537 1077 1599 herede
1114 1542 1284 1600 moriturus

61 1644 224 1707 stomacho
255 1645 478 1726 dirumpitur?
500 1645 576 1725 quid
599 1647 623 1706 si
627 1654 779 1739 ‘propter
809 1664 973 1706 usuram
997 1653 1051 1705 aut
1075 1643 1283 1708 milensimam

64 1750 299 1815 ualetudinarius
322 1749 481 1833 fenerator
504 1751 644 1813 distortis
668 1751 803 1831 pedibus
826 1761 858 1812 et
882 1751 1028 1812 manibus
1051 1752 1093 1812 ad
1108 1761 1281 1831 conputan-

69 1857 132 1921 dum
156 1879 221 1920 non
244 1857 358 1920 relictis
381 1857 496 1920 clamat
520 1878 557 1920 ac
579 1878 636 1938 per
657 1858 837 1920 uadimonia
852 1878 938 1919 asses
954 1878 1029 1919 suos
1044 1861 1075 1919 in
1090 1859 1164 1939 ipsis
1180 1861 1284 1922 morbi

47 1959 287 2033 tueesionibus
315 1965 472 2027 uindicat?
511 1966 536 2026 si
559 1974 670 2036 totam·
687 1965 761 2026 mihi
784 1985 827 2027 ex
850 1965 998 2027 omnibus
1021 1964 1172 2040 metallis,
1202 1987 1284 2046 quae
1301 1982 1323 2019 ¹1³

72 2087 128 2134 cum
151 2072 293 2134 maxime
313 2072 526 2152 deprimimus,
550 2073 714 2151 pecuniam
731 2071 880 2152 proferas,
904 2073 929 2132 si
945 2072 976 2132 in
992 2073 1133 2134 medium
1149 2074 1284 2153 proicias

71 2178 208 2261 quidquid
231 2178 391 2241 thensauri
414 2187 528 2258 tegunt
551 2179 681 2240 auaritia
703 2179 816 2240 iterum
832 2179 891 2240 sub
908 2189 1007 2241 terras
1023 2177 1186 2254 referente,
1203 2201 1284 2260 quae

68 2285 140 2347 male
162 2294 343 2367 egesserat:
370 2305 499 2347 omnem
522 2288 615 2347 istam
639 2288 821 2366 congeriem
845 2306 910 2347 non
930 2294 1041 2366 putem
1057 2288 1187 2366 dignam
1204 2307 1285 2367 quae

63 2383 192 2455 frontem
225 2392 281 2455 uiri
313 2391 389 2453 boni
413 2391 587 2454 contrahat.
634 2400 753 2472 quanto
777 2393 838 2454 risu
862 2395 1085 2474 prosequenda
1107 2402 1180 2455 sunt
1203 2414 1285 2474 quae

60 2498 149 2563 nobis
170 2499 314 2561 lacrimas
339 2500 498 2561 educunt?
1298 2511 1325 2553 ²⁰

146 2605 299 2668 XXXIV.
345 2605 435 2669 Cedo
459 2627 557 2681 nunc,
581 2626 769 2688 persequere
795 2615 912 2680 cetera,
936 2606 1034 2681 cibos,
1057 2608 1203 2688 potiones
1226 2606 1283 2668 ho·
1353 2658 1356 2663 ,

55 2723 189 2796 sumque
212 2733 307 2776 causa
328 2723 456 2795 paratas
472 2715 502 2774 in
517 2714 726 2775 ambitionem
745 2713 922 2787 munditias
940 2714 1045 2788 uerba,
1069 2713 1284 2788 contumelias,

54 2828 164 2882 motus
186 2840 357 2904 corporum
380 2840 492 2902 parum
516 2819 708 2882 honorificos
730 2829 763 2881 et
790 2821 999 2901 suspicioneS,
1031 2830 1062 2881 et
1085 2821 1285 2882 contumacia
1382 2872 1387 2882 .

54 2915 195 2991 iumenta
219 2936 250 2989 et
273 2928 364 3009 pigra
385 2928 549 3010 mancipia,
573 2927 847 3008 interpretationes
871 2925 1024 3006 malignas
1047 2928 1133 2989 uocis
1156 2926 1284 3001 alienae,

55 3031 169 3104 quibus
192 3034 338 3109 efficitur,
369 3044 403 3096 ut
426 3035 506 3096 inter
529 3035 652 3095 iniurias
677 3042 806 3096 naturae
830 3043 1009 3096 numeretur
1031 3053 1137 3095 sermo
1161 3033 1282 3096 homini
1296 3048 1324 3087 25

58 3127 169 3203 datm,
202 3142 298 3203 crede
325 3141 416 3215 mihi,
448 3140 528 3202 leuia
551 3151 622 3203 sunt
646 3150 777 3222 propter
800 3160 881 3222 quae
905 3161 969 3202 non
993 3139 1102 3202 leuiter
1125 3142 1283 3202 excande-

35 3228 188 3323 ‘'Scimus,
220 3247 385 3331 qualiaque
407 3268 524 3330 pueros
547 3249 576 3307 in
601 3249 702 3309 rixam
727 3258 760 3309 et
782 3249 915 3328 iurgium
940 3249 1043 3310 concit
1030 3256 1107 3310 tant
1145 3247 1220 3309 nihil
1242 3269 1285 3309 ex

58 3336 109 3408 ¹¹58
138 3375 216 3436 quae
247 3363 314 3417 tam
344 3356 448 3416 tristes
479 3336 618 3435 agimus,
649 3355 764 3417 serium
796 3363 860 3429 est,
831 3354 966 3416 tnihil
998 3374 1169 3434 magnum.
1202 3337 1285 3429 inde,

55 3463 200 3537 lnquam,
231 3461 353 3524 uobis
346 3482 392 3523 rra
415 3471 448 3523 et
470 3461 588 3523 insania
611 3471 675 3535 est,
681 3463 787 3542 quod
811 3462 927 3540 exigua
951 3481 1069 3541 magno
1092 3463 1284 3524 aestumatis

55 3561 178 3631 atlferre
207 3567 259 3630 hic
288 3568 364 3629 mihi
395 3567 606 3630 hereditatem
630 3566 737 3629 uoluit
783 3567 833 3629 hic
856 3588 908 3629 me
932 3569 984 3630 diu
1009 3569 1039 3628 in
1062 3587 1154 3648 spem
1177 3587 1283 3650 supre-
1299 3584 1325 3622 ³⁰

38 2588 43 2637 l

52 3776 248 3865 ddesatigatm
233 3798 351 3868 prima
363 3812 443 3851 corr
439 3795 510 3865 lud
520 3797 643 3865 sortasse
656 3800 680 3862 e)
748 3800 763 3847 :t
778 3799 881 3847 dilibuta
948 3798 1067 3862 ipremit
1138 3799 1279 3850 &fremitus

437 3892 471 3932 uls

158 3939 172 3993 9
191 3943 265 3991 utrius
284 3926 369 4011 ΝεαΡ
389 3947 463 3990 urm*
584 3912 659 3993 lh
632 3941 683 3991 ficu
775 3957 882 4004 pugnam
902 3941 950 4004 eris
969 3940 994 4006 (a
1013 3955 1051 3992 ex
1069 3957 1084 3987 u
1100 3904 1190 4007 Jdclal

53 4005 91 4061 ¹2
132 4014 168 4078 aui
195 4028 332 4094 (lineolam
357 4026 465 4082 addidit
488 4031 586 4093 corr);
620 4035 682 4081 ante
707 4037 747 4078 aut
779 4026 950 4082 intercidisse
977 4027 1086 4081 uidetur
1110 4030 1285 4078 centensimum

46 4104 109 4156 Ψ(
135 4117 213 4173 simle
235 4117 304 4189 quid
413 4118 443 4170 13
467 4119 656 4167 ualetudinarius
684 4118 722 4184 (in
741 4133 828 4187 marg.
854 4119 1041 4168 ualetudinarius
1067 4134 1100 4170 m.
1128 4114 1285 4181 3addtdit)

148 4217 264 4279 fenerator
351 4218 385 4266 ad
403 4217 587 4280 conputandum
608 4213 771 4269 Pincianus:
794 4218 826 4264 ad
845 4217 1017 4281 comparandi]
1112 4215 1143 4267 17
1163 4208 1286 4287 tlrefrsauri

65 4359 93 4403 h
153 4312 184 4366 22
201 4322 300 4382 paratas
315 4317 344 4364 in
362 4298 491 4384 Madtuy:
518 4322 630 4379 paratam
726 4312 760 4366 2?
786 4315 915 4378 qualiaque
935 4312 1032 4366 Gertz:
1060 4314 1190 4379 qualiaque

44 4421 125 4477 ‘xis
202 4438 238 4493 28
256 4441 335 4491 tristes
354 4436 410 4491 El:
432 4440 499 4489 triste
571 4440 604 4490 29
625 4440 697 4488 uobis
719 4437 870 4491 deteriores
885 4438 983 4507 pauci:
1004 4439 1077 4487 nobis

1056 4532 1073 4575 δ’
