3060 5078
224 324 266 382 74
581 317 660 360 DIAL.
676 318 714 362 1v.
743 317 784 357 DE
798 317 851 358 IRA
866 316 920 360 LlB.
936 315 966 358 ΙΙ.
995 316 1083 357 tt-tt.

222 462 425 542 obiurgemus
449 463 676 525 credulitatem.
722 462 801 525 haec
824 463 907 524 enim
932 461 1096 541 castigatio
1120 459 1383 522 consuetudinem
1410 457 1454 520 es-

221 568 304 631 ficiet
326 590 391 629 non
414 568 504 630 facile
527 570 686 632 credendi.

310 675 416 737 XXV.
461 676 539 738 Inde
570 685 602 738 et
632 675 709 738 illud
738 676 892 756 sequitur,
932 682 966 736 ut
998 673 1132 735 minimis
1162 671 1488 752 sordidissimisquel

220 781 315 842 rebus
338 802 401 843 non
425 782 661 857 exacerbemur.
707 802 820 864 parum
843 780 932 862 agilis
961 789 1009 845 est
1031 800 1109 862 puer
1131 788 1186 841 aut
1207 778 1347 861 tepidior
1368 797 1455 860 aqua

194 897 337 970 rpoturo
361 896 415 950 aut
437 889 581 951 turbatus
604 898 694 951 torus
717 898 771 951 aut
794 909 905 950 mensa
926 887 1144 968 neglegentius
1166 885 1288 969 posita:
1325 886 1369 947 ad
1387 884 1455 946 ista

221 997 369 1057 concitari
391 996 510 1056 insania
533 1006 588 1057 est.
635 1016 731 1076 aeger
759 1005 791 1058 et
813 995 941 1058 infelicis
964 992 1151 1056 ualetudinis
1181 1000 1229 1057 est
1252 1011 1350 1072 quem
1373 989 1454 1052 leuis

221 1121 296 1163 aura
319 1101 486 1177 contraxit,
510 1101 624 1164 adfecti
648 1102 729 1163 oculi
752 1123 833 1183 quos
856 1101 990 1163 candida
1012 1100 1108 1163 uestis
1131 1097 1323 1173 obturbauit,
1348 1097 1452 1159 disso-

219 1206 304 1269 lutus
337 1207 453 1270 deliciis
483 1209 569 1270 cuius
605 1206 685 1270 latus
723 1207 825 1270 alieno
856 1205 966 1270 labore
1004 1204 1175 1268 condoluit.
1230 1204 1489 1284 Mindyridem2

220 1315 306 1375 aiunt
329 1313 422 1377 fuisse
454 1335 496 1375 ex
520 1314 739 1394 Sybaritarum
771 1315 904 1376 ciuitate.
949 1314 1098 1395 quicum
1121 1312 1250 1374 uidisset
1273 1310 1453 1373 fodientem

169 1414 206 1482 ἰο
221 1429 253 1482 et
277 1419 367 1482 altius
390 1431 524 1483 rastrum
547 1421 762 1496 adleuantem,
792 1420 909 1482 lassum
940 1440 975 1482 se
997 1419 1063 1481 fieri
1086 1427 1215 1500 questus
1238 1420 1339 1481 uetuit
1363 1415 1452 1479 illum

221 1547 301 1607 opus
324 1527 354 1588 in
382 1537 554 1609 conspectu
577 1548 634 1589 suo
662 1527 773 1589 facere.
818 1528 904 1588 idem
927 1524 1046 1588 habere
1068 1545 1103 1587 se
1126 1526 1214 1607 peius
1236 1534 1370 1606 questus
1395 1534 1454 1602 est,

220 1634 308 1712 quod
346 1632 426 1695 soliis
453 1654 546 1695 rosae
586 1632 748 1716 duplicatis
779 1631 978 1694 incubuisset.
1023 1631 1077 1694 ubi
1115 1633 1254 1694 animum
1292 1631 1390 1694 simul
1421 1640 1489 1695 et3

220 1759 334 1820 corpus
349 1739 528 1821 uoluptates
544 1760 720 1820 corrupere,
743 1738 816 1800 nihil
836 1737 1001 1802 tolerabile
1023 1739 1153 1814 uidetur,
1176 1757 1241 1800 non
1262 1738 1337 1820 quia
1362 1739 1453 1814 dura,

187 1884 190 1889 ,
219 1846 275 1908 sed
307 1849 379 1928 quia
410 1846 513 1909 mollis
544 1848 668 1928 patitur.
720 1847 796 1926 quid
829 1856 877 1908 est
901 1846 1000 1921 enim,
1031 1866 1086 1908 cur
1116 1845 1208 1907 tussis
1238 1843 1368 1907 alicuius
1400 1855 1457 1908 aut

181 1972 204 2012 15
218 1962 502 2015 sternutamentum
533 1961 587 2015 aut
617 1973 726 2015 musca
755 1973 867 2035 parum
891 1954 1013 2015 curiose
1045 1952 1153 2033 iugata
1175 1953 1206 2013 in
1228 1950 1352 2014 rabiem
1378 1962 1458 2033 agat

218 2069 271 2121 aut
295 2059 482 2122 obuersatus
505 2061 590 2121 canis
614 2069 667 2121 aut
699 2059 794 2121 clauis
818 2048 1014 2140 neglegentis
1045 2060 1127 2121 serui
1150 2057 1295 2121 manibus
1320 2056 1456 2141 elapsa?

218 2163 297 2226 feret
327 2166 386 2227 iste
417 2186 520 2246 aequo
551 2167 657 2227 animo
690 2166 777 2229 ciuile
808 2167 985 2228 conuicium
1021 2175 1053 2228 et
1083 2167 1206 2246 ingesta
1236 2165 1267 2225 in
1299 2167 1493 2231 contione4

218 2272 342 2333 curiaue
373 2270 555 2346 maledicta,
594 2274 679 2334 cuius
710 2293 801 2334 aures
837 2274 928 2334 tracti
965 2270 1103 2334 subsellii
1140 2269 1255 2333 stridor
1294 2271 1456 2334 offendit?

217 2379 410 2458 perpetietur
440 2377 490 2439 hic
520 2376 637 2439 famem
669 2386 701 2439 et
731 2380 870 2440 aestiuae
898 2378 1109 2460 expeditionis
1132 2379 1231 2452 sitim,
1261 2377 1316 2458 qui
1347 2398 1456 2459 puero

179 2510 204 2550 20
219 2482 302 2544 male
326 2482 455 2545 diluenti
478 2485 582 2546 niuem
605 2486 765 2546 irascitur?
803 2484 887 2546 nulla
917 2486 1023 2566 itaque
1056 2504 1105 2545 res
1128 2485 1229 2562 magis
1251 2483 1455 2547 iracundiam

219 2588 273 2651 alit
304 2610 399 2670 quam
431 2590 553 2653 luxuria
575 2593 787 2673 intemperans
811 2599 843 2652 et
866 2592 1037 2672 inpatiens:
1072 2591 1150 2651 dure
1172 2592 1361 2653 tractandus
1386 2592 1453 2655 ani-

218 2717 289 2758 mus
313 2706 369 2772 est,
392 2706 427 2760 ut
449 2698 546 2759 ictum
570 2718 633 2759 non
657 2699 771 2760 sentiat
793 2699 851 2759 nisi
874 2717 1013 2778 grauem.

307 2803 425 2866 XXVI.
458 2804 622 2866 Irascimur
645 2814 698 2866 aut
721 2805 772 2878 iis,
803 2825 822 2866 a
852 2804 965 2885 quibus
995 2824 1035 2864 ne
1066 2804 1207 2884 accipere
1238 2803 1373 2883 quidem
1404 2803 1488 2870 in·1

218 2909 326 2970 iuriam
357 2910 534 2990 potuimus,
565 2918 619 2971 aut
650 2911 701 2985 iis,
740 2931 759 2971 a
789 2909 902 2990 quibus
933 2910 1072 2991 accipere
1102 2909 1244 2969 iniuriam
1274 2910 1455 2990 potuimus.

178 3036 204 3078 25
219 3035 260 3076 ex
283 3016 438 3097 prioribus
455 3017 612 3096 quaedam
636 3017 702 3078 sine
725 3025 817 3077 sensu
841 3027 921 3089 sunt,
944 3027 978 3077 ut
1001 3015 1088 3090 liber,
1111 3034 1206 3095 quem
1228 3014 1487 3083 minutioribus2

217 3120 326 3201 litteris
356 3124 506 3202 scriptum
538 3143 633 3204 saepe
663 3124 853 3204 proiecimus
884 3132 917 3184 et
947 3123 1137 3183 mendosum
1161 3120 1387 3197 lacerauimus,
1417 3131 1454 3183 ut

218 3229 422 3301 uestimenta,
454 3249 551 3308 quae,
583 3230 655 3310 quia
685 3213 909 3309 displicebant,
947 3227 1103 3289 scidimus.
1148 3226 1197 3288 his
1228 3228 1318 3289 irasci
1350 3249 1452 3310 quam

218 3332 347 3393 stultum
372 3342 436 3408 est,
468 3355 548 3414 quae
571 3336 649 3396 iram
665 3343 807 3396 nostram
830 3354 889 3395 nec
912 3340 1093 3397 meruerunt
1116 3333 1361 3396 nec-sentiunt?
1390 3334 1485 3398 sed3

219 3439 383 3501 oflendunt
407 3460 465 3500 nos
489 3440 633 3502 uidelicet
657 3442 709 3521 qui
731 3440 783 3502 illa
805 3438 969 3502 lecerunt.x
999 3441 1136 3521 primum
1157 3459 1252 3520 saepe
1273 3447 1452 3522 antequam

180 3566 205 3605 ³0
219 3543 282 3606 hoc
305 3545 388 3626 apud
413 3565 471 3607 nos
495 3547 722 3625 distinguamus
745 3547 914 3608 irascimur.
950 3546 1065 3608 deinde
1081 3545 1214 3607 fortasse
1236 3545 1295 3626 ipsi
1318 3566 1452 3628 quoque

220 3650 353 3712 artifices
392 3653 610 3713 excusationes
641 3653 737 3714 iustas
777 3651 927 3714 adferent.
979 3651 1054 3714 alius
1092 3671 1156 3713 non
1193 3651 1297 3731 potuit
1336 3651 1453 3714 melius

222 3883 232 3934 l
252 3882 450 3946 castigastigatio
553 3882 650 3933 3·illud
670 3881 696 3948 (d
716 3880 800 3946 corr.)
903 3879 920 3931 4
939 3882 1046 3944 tepidior
1064 3897 1128 3944 aqua
1148 3879 1188 3947 (or
1206 3896 1221 3928 a
1239 3878 1266 3931 in
1286 3879 1358 3947 raS.)

219 3970 363 4021 bturbatus
384 3953 448 4020 lhor'
470 3965 544 4037 (thor'
565 3967 592 4021 in
608 3957 679 4036 ¹ras.)
779 3969 872 4033 lieger
968 3969 1107 4018 ualitudinis
1127 3968 1145 4035 (i
1161 3966 1252 4037 prima
1271 3970 1358 4036 corr.)

220 4058 335 4110 laffecti
355 4057 445 4128 (prior
463 4059 475 4107 s
492 4057 575 4124 corr.)
647 4059 789 4107 obturbauit
808 4054 925 4109 Mtiller:
947 4057 1064 4106 obturbat
1137 4055 1170 4110 10
1189 4057 1337 4106 alleuantem
1357 4058 1454 4128 (prior

218 4135 328 4213 lcorr.)
435 4147 467 4199 li
487 4148 553 4196 idem
572 4147 666 4196 habere
684 4163 710 4196 se
728 4148 797 4211 peius
816 4143 939 4214 Madm'q,
959 4146 1025 4194 idem
1045 4145 1099 4197 inm
1118 4141 1258 4197 Muretus:
1280 4144 1334 4198 bito
1354 4148 1454 4199 habere

218 4237 299 4300 sepius
318 4237 381 4301 (bile
401 4250 473 4288 corr.
492 4236 519 4288 in
539 4236 606 4301 ras.)
701 4235 733 4287 12
752 4251 807 4285 rose
826 4234 850 4299 (e
869 4234 952 4299 corr.)
1040 4233 1071 4285 tl
1092 4250 1134 4284 cur
1146 4235 1216 4284 tussis
1235 4235 1311 4299 (curt
1331 4232 1362 4286 in
1380 4238 1452 4303 ras.)

211 4309 213 4313 ἢ
314 4324 347 4376 ll
366 4326 411 4377 iste
430 4327 447 4388 (i
466 4324 550 4391 corr.)
655 4323 687 4377 19
707 4325 781 4387 estiue
801 4323 824 4389 (e
844 4323 928 4388 corr.)
1020 4323 1053 4375 23
1073 4339 1104 4372 ne
1122 4323 1237 4386 accipere
1254 4322 1358 4386 quidem
1377 4323 1452 4393 cod„

219 4429 262 4461 nec
282 4414 395 4477 accipere
413 4412 496 4482 uulqo
568 4411 602 4466 30
621 4420 679 4478 aput
697 4399 700 4406 ¹
751 4412 783 4465 31
805 4413 904 4460 afferent
