3046 5092
244 313 303 374 182
468 306 547 349 DIAL.
557 307 606 347 Vll.
634 307 676 346 AD
691 306 869 348 GALLIONEM
884 307 924 356 DE
939 307 1011 348 VITA
1028 307 1133 349 ΒΕΑΤΑ.
1150 310 1197 351 26,
1211 311 1246 351 27.

239 457 340 537 ipsam
363 461 397 515 ut
420 453 508 527 deoS,
531 461 563 515 et
586 451 781 534 professores
804 452 869 515 eius
893 461 927 514 ut
950 453 1104 516 antistites
1127 452 1228 516 colite.
1267 463 1300 515 et
1320 455 1467 535 quotiens

240 563 360 623 mentio
384 580 542 622 sacrarum
565 558 723 621 literarum
748 559 955 633 interuenerit,
979 558 1082 622 fauete
1106 559 1225 639 linguis,
1257 560 1320 623 hoc
1336 560 1470 625 uerbum

240 688 313 742 non,
337 675 372 729 ut
386 661 527 748 ple‘rique
543 666 734 739 existimant,
758 687 777 728 a
792 664 900 728 fauore
917 665 1055 740 trahitur,
1079 667 1137 728 sed
1153 667 1288 749 imperat
1303 668 1470 745 silentium,

241 783 275 836 ut
306 775 363 836 rite
393 774 502 854 peragi
533 774 632 854 possit
656 793 778 835 sacrum
803 772 887 834 nulla
910 793 990 835 uoce
1014 771 1097 835 mala
1119 753 1334 855 obstrepente.
1382 778 1471 857 quod

201 899 213 936 s
241 881 341 943 multo
374 880 474 961 magis
505 880 715 941 necessarium
747 889 795 942 est
819 878 963 961 imperari
987 877 1094 954 uobis,
1127 889 1160 941 ut
1183 881 1329 961 quotiens
1354 880 1472 963 aliquid

240 1000 282 1049 ex
307 986 358 1048 illo
381 985 557 1068 proferetur
580 985 715 1060 oracul0,
740 986 849 1047 intenti
873 994 905 1048 et
928 1005 1098 1068 conpressa
1121 1007 1199 1048 uoce
1223 988 1366 1051 audiatis.
1398 1002 1513 1056 cum}

239 1095 365 1157 sistrum
388 1091 497 1175 aliquis
521 1092 702 1179 concutiens
726 1113 767 1154 ex
791 1092 923 1173 imperio
947 1093 1103 1167 mentitur,
1127 1114 1199 1155 cum
1216 1092 1325 1175 aliquis
1341 1097 1472 1160 secandi

149 1192 153 1199 ’
240 1201 374 1263 lacertos
397 1219 472 1262 suos
495 1197 608 1262 artifex
632 1198 760 1262 brachia
782 1206 877 1279 atque
893 1219 1020 1262 umeros
1036 1219 1189 1280 suspensa
1205 1220 1299 1262 manu
1315 1211 1471 1279 cruentat,

241 1328 313 1370 cum
344 1307 452 1388 aliquis
482 1306 614 1387 genibus
645 1326 702 1387 per
730 1308 813 1368 uiam
844 1325 957 1387 repens
987 1304 1085 1369 ululat
1114 1305 1300 1388 laurumque
1322 1307 1472 1372 linteatus

203 1430 225 1468 ιθ
240 1435 340 1476 senex
363 1422 395 1476 et
419 1413 525 1475 medio
548 1412 707 1474 lucernam
731 1414 783 1475 die
805 1411 985 1493 praeferens
1008 1412 1185 1476 conclamat
1200 1414 1313 1477 iratum
1331 1414 1469 1497 aliquem

242 1522 384 1596 deorum,
409 1519 588 1582 concurritis
604 1528 636 1582 et
652 1520 765 1583 auditis
780 1529 812 1582 et
828 1504 966 1582 diuimim
983 1539 1052 1582 esse
1068 1541 1149 1596 eum,
1173 1522 1306 1587 inuicem
1322 1532 1469 1585 mutuum

240 1626 358 1691 alentes
381 1635 555 1708 stuporem,
579 1625 761 1689 adfirmatis.

328 1733 463 1795 XXVII.
501 1733 587 1795 Ecce
602 1731 751 1796 Socrates
772 1731 882 1795 exillo
899 1753 1031 1809 carcere,
1048 1755 1143 1827 quem
1159 1735 1306 1798 intrando
1322 1739 1470 1818 purgauit
1486 1749 1493 1800 1

241 1842 389 1922 omnique
420 1840 635 1903 honestiorem
665 1839 748 1905 curia
771 1841 925 1915 reddidit,
958 1839 1152 1923 proclamat:
1186 1843 1255 1923 quis
1278 1843 1338 1906 iste
1363 1842 1468 1908 furor?
1494 1870 1497 1878 ·

202 1968 226 2006 n
240 1970 321 2030 quae
345 1950 404 2011 ista
420 1948 550 2019 „inimica
572 1948 620 2009 dis
644 1946 887 2028 hominibusque
910 1956 1021 2010 natura
1043 1957 1092 2010 est
1115 1947 1265 2013 infamare
1289 1951 1422 2014 uirtutes
1438 1961 1469 2014 et

241 2054 384 2137 malignis
407 2053 605 2117 sermonibus
628 2062 738 2117 saneta
761 2052 897 2117 uiolare?
929 2055 954 2117 si
977 2055 1118 2136 potestis,
1142 2056 1246 2118 bonos
1269 2056 1417 2121 laudate:
1444 2060 1469 2121 si

240 2162 359 2237 minus,
390 2150 528 2226 transite.
573 2163 661 2242 quod
691 2162 716 2222 si
745 2160 836 2223 uobis
864 2182 1013 2224 exercere
1035 2170 1170 2224 taetram
1191 2163 1286 2226 istam
1310 2163 1489 2228 licentiam

240 2266 359 2349 placet,
384 2267 462 2330 alter
485 2269 516 2329 in
539 2267 671 2331 alterum
695 2268 880 2331 incursitate.
927 2288 1001 2330 nam
1025 2260 1097 2330 crim
1121 2270 1152 2330 in
1176 2268 1298 2332 caelum
1320 2273 1468 2349 insanitis

240 2396 304 2437 non
335 2375 406 2437 dico
437 2374 632 2456 sacrilegium
665 2373 778 2450 facitis,
809 2376 867 2437 sed
897 2396 1029 2456 operam
1059 2377 1196 2457 perditis.
1241 2377 1375 2461 praebui
1407 2389 1502 2461 eg02

200 2499 226 2539 20
241 2481 410 2564 aliquando
440 2479 648 2561 Aristophani
686 2481 850 2543 materiam
889 2481 1041 2543 iocorum,
1094 2490 1165 2543 tota
1194 2480 1245 2546 illa
1275 2485 1471 2549 comicorum

171 2633 175 2639 -
240 2596 406 2670 poetarum
431 2608 543 2651 manus
566 2589 672 2651 inme
695 2596 868 2650 uenenatos
892 2587 973 2651 sales
994 2609 1068 2650 suos
1089 2589 1218 2650 effudit:
1243 2588 1408 2669 inlustrata
1424 2602 1472 2656 est

240 2697 336 2758 uirtus
359 2714 432 2757 mea
453 2715 510 2777 per
533 2715 572 2756 ea
594 2696 673 2776 ipsa,
701 2715 758 2776 per
782 2715 862 2774 quae
885 2696 1059 2776 petebatur.
1109 2697 1242 2777 produci
1265 2700 1349 2760 enim
1374 2698 1415 2760 illi
1440 2683 1486 2762 ct

115 2832 120 2839 ¹
175 2869 188 2893 ¹
239 2803 388 2884 temptari
411 2803 550 2885 expedit,
575 2823 633 2863 nec
656 2801 708 2863 ulli
731 2802 832 2882 magis
855 2801 1052 2883 intellegunt,
1076 2811 1195 2884 quanta
1216 2805 1272 2878 sit,
1296 2825 1394 2885 quam
1419 2807 1473 2888 qui

123 2936 129 2950 1
204 2918 206 2922 ’
240 2910 320 2972 uires
352 2909 418 2971 eius
449 2908 634 2971 lacessendo
665 2920 835 2970 senserunt.
882 2909 994 2971 duritia
1022 2908 1112 2971 silicis
1135 2909 1225 2973 nullis
1248 2911 1350 2992 magis
1373 2934 1471 2994 quam

200 3031 226 3072 2⁵
240 3016 420 3079 ferientibus
443 3025 521 3079 nota
544 3025 591 3078 est
638 3014 779 3096 praebeo
803 3035 855 3078 me
878 3035 942 3077 non
966 3015 1054 3078 aliter
1076 3037 1172 3097 quam
1195 3037 1289 3099 rupes
1312 3017 1419 3101 aliqua
1440 3022 1471 3082 in
1491 3026 1505 3078 3

240 3124 362 3185 uadoso
393 3125 471 3186 mari
502 3123 667 3196 destituta,
699 3142 795 3203 quam
826 3121 937 3185 fluctus
967 3143 1030 3184 non
1055 3123 1218 3208 desinunt,
1249 3123 1471 3208 undecumque

240 3230 318 3292 moti
348 3239 435 3304 sunt,
459 3229 625 3292 uerberare
656 3249 714 3291 nec
745 3230 818 3291 ideo
841 3237 895 3291 aut
918 3229 989 3291 loco
1013 3249 1084 3292 eam
1109 3239 1240 3292 mouent
1263 3239 1316 3293 aut
1339 3251 1397 3312 per
1421 3242 1471 3296 tot

240 3345 361 3422 aetates
391 3337 502 3398 crebro
534 3337 656 3398 incursu
687 3356 746 3398 suo
778 3345 974 3398 consumunt.
1021 3336 1159 3411 adsilite,
1195 3335 1287 3399 facite
1317 3339 1470 3420 inpetum.

240 3429 371 3504 ferendo
403 3463 461 3504 uos
493 3443 625 3506 uincam.
671 3444 701 3504 in
733 3463 786 3518 ea,
817 3463 898 3523 quae
929 3442 1020 3506 firma
1051 3452 1083 3505 et
1113 3443 1361 3524 inexuperabilia
1387 3454 1470 3523 sunt,

196 1791 207 1848 l

240 3619 256 3671 2
276 3636 346 3670 sacra
365 3621 498 3669 litterarum
517 3616 577 3673 eod.
591 3635 715 3668 sacrarum
728 3619 863 3669 litterarum
876 3617 962 3689 Neup.
976 3617 1052 3687 qued
1063 3633 1114 3672 eur
1128 3615 1233 3672 Seneca
1246 3616 1282 3672 de
1289 3617 1469 3692 philosophia

239 3708 329 3761 minus
354 3713 428 3762 recte
453 3707 543 3762 dicere
564 3707 701 3778 poluerit,
727 3723 808 3776 quam
827 3706 862 3772 de
880 3707 956 3762 brea.
975 3707 1023 3762 uir.
1048 3711 1086 3775 14,
1108 3711 1117 3759 1
1140 3708 1176 3758 illi
1195 3707 1324 3760 clarissimi
1343 3727 1469 3763 sacrarum

240 3799 384 3862 opinionum
404 3798 553 3860 conditores,
568 3812 671 3866 patrem
690 3793 786 3854 uidem
807 3813 932 3847 sacrarum
950 3798 1054 3846 uitarum
1073 3793 1188 3866 Medeia
1297 3800 1348 3850 hoc
1366 3801 1469 3851 uerbum

241 3884 310 3944 deu:
331 3888 388 3936 huic
408 3888 486 3936 uerbsl
577 3885 592 3938 3
612 3887 716 3949 imperat
737 3882 837 3938 Gertz:
858 3887 992 3950 imperatur
1081 3885 1097 3938 5
1117 3886 1209 3951 aliquid
1229 3887 1257 3953 (d
1276 3888 1362 3956 corr.)

241 3978 416 4040 ticomprassa
507 3972 663 4025 &humeros
684 3974 779 4041 (corr.)
870 3972 972 4038 llpuiu
1071 3975 1219 4040 laurumqst
1317 3977 1349 4029 11
1375 3984 1468 4031 mutum

243 4063 332 4132 Gertz,
352 4062 427 4134 quod
444 4079 539 4117 uerum
557 4077 611 4115 uon
625 4068 695 4131 puto
787 4063 818 4115 12
838 4064 965 4113 affirmatis
986 4062 1079 4132 (prior
1095 4064 1207 4129 fourr.)
1300 4065 1332 4137 il
1351 4069 1406 4132 quis
1424 4070 1469 4118 iste

240 4151 336 4222 uulqo:
357 4155 398 4218 qui
417 4155 461 4203 iste
481 4154 500 4220 (i
519 4155 564 4203 iste
582 4153 666 4218 corr.)
758 4152 790 4204 lb
810 4154 1003 4218 hominibusq;s
1111 4154 1231 4204 infamare
1249 4156 1348 4206 uirtutes
1366 4156 1466 4224 (omnia

241 4243 268 4295 in
287 4242 356 4309 rae.)
448 4241 481 4295 19
505 4259 583 4308 opam
603 4241 644 4308 (ἐπ’
659 4242 725 4307 ras.)
816 4243 901 4306 prebui
992 4241 1024 4293 21
1045 4242 1162 4292 illustrata
1252 4241 1286 4295 22
1304 4261 1372 4310 pque

242 4331 275 4383 25
295 4332 387 4396 prebeo
477 4333 502 4380 in
520 4331 625 4399 uadoso]
645 4330 733 4400 Leirsii
750 4333 775 4379 in
794 4333 889 4381 undoso
908 4330 1093 4384 necessarium
1112 4346 1164 4384 non
1184 4347 1244 4386 erse
1261 4330 1373 4388 uidetur

242 4419 276 4471 26
296 4421 468 4497 undecumq3u
558 4419 592 4474 28
611 4421 702 4470 assilire
723 4419 811 4489 (prior
829 4437 840 4470 s
859 4419 943 4487 corr.)
1034 4421 1129 4486 impetu
