3046 5092
231 340 311 383 DIAL.
328 341 367 383 xl.
396 341 438 383 AD
453 339 590 379 HELVIAIII
607 303 737 379 Mll'l'REM
752 339 792 378 DE
808 337 1050 380 CONSOLATIONE.
1082 341 1111 380 II.
1130 342 1160 379 18.
1243 343 1304 402 ¹267

85 507 221 550 amoena
244 486 392 560 delectes,
416 495 450 546 ut
474 487 630 547 rationum
655 485 908 566 accipiendarum
933 483 1104 564 diligentia,
1128 485 1307 565 patrimonii

88 594 355 656 administratione
394 592 526 655 multum
563 612 700 672 occupes
731 592 899 672 temporis,
939 601 972 653 ut
1003 611 1129 672 semper
1159 611 1244 653 nouo
1274 600 1307 652 te

86 701 189 781 aquuo
220 702 351 780 negotio
379 682 523 780 inplices:
558 700 665 760 omnia
688 700 747 760 ista
770 699 811 759 ad
835 699 987 778 exiguum
1011 708 1209 760 momentum
1232 719 1305 780 pro-

85 816 154 868 sunt
179 827 238 868 nec
261 807 402 868 remedia
425 805 543 867 doloris
567 806 624 866 sed
648 805 862 885 inpedimenta
885 815 964 867 sunt.
1006 825 1067 885 ego
1091 802 1197 867 aute'm
1222 804 1306 867 malo

10 931 22 972 ι
84 913 168 975 illum
201 914 344 975 desinere
375 932 470 993 quam
502 913 612 992 decipi.
657 913 764 992 itaque
793 911 846 973 illo
878 921 910 973 te
934 913 1033 986 duco,
1063 933 1127 994 quo
1152 912 1334 986 omnibus,r›

83 1022 133 1100 qui
157 1020 317 1082 fortunam
341 1018 478 1099 fugiunt,
509 1017 754 1098 confugiendum
779 1027 843 1092 est,
875 1019 916 1079 ad
940 1017 1078 1080 liberalia
1101 1020 1222 1081 studia:
1256 1018 1308 1081 illa

83 1126 242 1189 sanabunt
273 1125 384 1187 uolnus
415 1135 521 1199 tuum,
553 1124 602 1186 illa
623 1143 763 1187 ‘omnem
794 1125 950 1188 tristitiam
982 1126 1039 1188 tibi
1071 1124 1214 1188 euellent.
1260 1125 1308 1188 his

84 1234 204 1296 etiamsi
234 1253 408 1314 numquam
439 1233 621 1307 adsuesseS,
655 1253 737 1294 nunc
769 1232 921 1294 utendum
953 1242 1028 1295 erat.
1074 1234 1131 1294 sed
1154 1241 1307 1313 quantum

83 1334 151 1403 tibi‘
168 1340 266 1421 patris
296 1340 359 1402 mei
388 1339 534 1419 antiquus
565 1339 649 1419 rigor
679 1339 836 1420 permisit,
867 1359 979 1401 omnes
1011 1320 1219 1416 bonasartes
1243 1359 1307 1400 non

10 1458 58 1512 4
83 1450 211 1530 quidem
251 1447 479 1528 conprendisti‚
518 1446 648 1526 attigisti
686 1455 803 1507 tamen.
858 1447 977 1507 utinam
1008 1447 1137 1527 quidem
1168 1447 1306 1508 uirorum
1326 1463 1347 1500 ¹0

84 1556 231 1637 optimus
256 1560 347 1634 pater
370 1572 467 1626 meus,
492 1554 593 1613 minus
614 1556 768 1614 maiorum
784 1554 1001 1614 consuetudini
1018 1554 1142 1614 deditus
1159 1549 1307 1616 uoluisset

25 1726 45 1737 ,
83 1669 113 1723 te
137 1660 317 1742 praeceptis
340 1660 512 1739 sapientiae
526 1660 650 1720 'erudiri
673 1660 778 1740 potius
801 1679 897 1740 quam
920 1659 1024 1721 inbui!
1051 1680 1115 1721 non
1130 1661 1306 1740 parandum
1369 1669 1377 1694 ¹

10 1791 53 1820 s
84 1769 137 1828 tibi
161 1787 246 1828 nunc
269 1775 352 1828 esset
375 1764 524 1826 auxilium
550 1774 660 1826 contra
683 1766 857 1841 fortunam,
883 1767 939 1827 sed
964 1765 1207 1846 proferendum:
1234 1787 1305 1847 pro-

83 1884 152 1955 pter
175 1875 261 1948 Istas,
283 1891 365 1953 quae
388 1870 497 1933 litteris
521 1892 584 1933 non
601 1873 642 1933 ad
658 1873 842 1953 sapientiam
860 1882 995 1947 utuntur,
1019 1873 1076 1933 sed
1094 1873 1134 1933 ad
1151 1872 1306 1935 luxuriam

85 1981 288 2053 instruuntur,
309 1979 410 2040 minus
434 1987 466 2040 te
490 1977 652 2059 indulgere
676 1979 785 2040 studiis
808 1999 918 2059 passus
942 1988 998 2040 est.
1030 1978 1183 2041 beneficio
1199 1988 1307 2041 tamen
1325 1996 1347 2035 rs

85 2087 203 2168 rapacis
234 2086 348 2166 Ingenii
379 2083 449 2167 plus
479 2105 576 2166 quam
608 2106 666 2166 pro
691 2095 838 2167 tempore
861 2085 999 2147 hausisti.
1045 2086 1127 2147 iacta
1150 2095 1222 2147 sunt
1245 2087 1305 2159 dis-

85 2193 265 2276 ciplinarum
296 2193 437 2277 omnium
469 2190 692 2253 fundamenta:
727 2213 809 2254 nunc
839 2193 881 2254 ad
904 2190 971 2253 illas
995 2202 1171 2254 reuertere:
1205 2201 1306 2255 tutam

50 2308 112 2362 frte
134 2299 342 2382 praestabunt
382 2298 451 2359 illae
475 2298 729 2372 consolabuntur,
753 2298 823 2360 illae
847 2298 1058 2373 delectabunt,
1081 2298 1151 2360 illae
1174 2301 1198 2360 si
1221 2300 1308 2362 bona

83 2406 142 2469 fide
166 2407 199 2467 in
222 2405 361 2467 animum
385 2414 475 2466 tuum
499 2406 690 2479 intrauerint,
715 2385 889 2486 numquam
913 2405 1047 2487 amplius
1062 2405 1190 2467 intrabit
1206 2405 1307 2481 dolor,

81 2532 253 2593 numquam
290 2511 484 2586 sollicitud0,
522 2532 693 2592 numquam
726 2511 945 2574 adflictationis
976 2513 1085 2574 inritae
1116 2533 1310 2594 superuacua
1323 2528 1349 2567 2⁰

81 2620 218 2682 uexatio.
265 2617 339 2678 nulli
377 2618 490 2679 horum
530 2618 652 2699 patebit
682 2628 793 2700 pectus
831 2628 939 2681 tuum:
981 2638 1055 2680 nam
1088 2619 1198 2680 ceteris
1229 2620 1309 2681 uitiis

77 2724 268 2807 iampridem
300 2723 419 2786 clusum
450 2735 506 2788 est.
552 2725 631 2786 haec
654 2726 781 2806 quidem
806 2726 979 2788 certissima
1002 2725 1159 2805 praesidia
1181 2734 1254 2787 sunt
1276 2735 1308 2788 et

78 2852 161 2915 quae
185 2829 254 2893 sola
276 2840 309 2893 te
332 2830 477 2894 fortunae
501 2833 619 2913 eripere
643 2834 772 2912 possint.

41 2942 53 2993 t
170 2937 287 2999 XVIII.
334 2936 518 3019 Sedquia,
552 2939 628 2999 dum
660 2939 690 2998 In
721 2937 807 3000 illum
831 2946 976 3019 portum,
1008 2959 1102 3021 quem
1126 2940 1182 3000 tibi
1205 2939 1309 3000 studia

76 3046 285 3131 promittunt,
317 3046 476 3125 peruenis‚
509 3044 703 3107 adminiculis
726 3045 839 3127 quibus
862 3046 1015 3121 innitaris,
1048 3067 1128 3133 opus
1151 3056 1207 3120 est,
1232 3044 1307 3108 uolo
1322 3058 1347 3099 '2⁵

77 3152 205 3214 interim
236 3151 353 3212 solacia
383 3151 440 3213 tibi
471 3161 526 3214 tua
554 3153 730 3214 ostendere.
778 3153 898 3233 respice
921 3153 1032 3215 iratres
1058 3173 1163 3226 meoS,
1194 3152 1308 3232 quibus

31 3260 52 3313 2
77 3257 174 3321 saluis
197 3258 243 3319 fas
267 3257 323 3319 tibi
347 3279 411 3319 non
435 3267 483 3319 est
506 3278 653 3321 accusare
677 3258 845 3321 fortunam.
876 3262 908 3320 in
931 3269 1064 3341 utroque
1088 3257 1196 3333 habes,
1220 3260 1308 3339 quod

77 3375 116 3427 te‘
135 3346 261 3427 diuer'sa
286 3367 401 3427 uirtute
424 3364 580 3428 delectet:
609 3365 688 3428 alter
710 3366 849 3428 honores
873 3367 1024 3428 industria
1048 3375 1234 3428 consecutus
1251 3375 1308 3442 est,

77 3471 157 3533 alter
180 3474 339 3552 sapienter
362 3474 560 3553 contempsit.
594 3474 762 3553 adquiescc
786 3473 911 3535 alterius
935 3473 976 3535 fili
995 3473 1158 3554 dignitate,
1182 3473 1308 3536 alterius

11 3593 12 3596 ’
76 3578 193 3659 quiete,
218 3566 382 3660 utriusque
401 3580 528 3661 pietate.
575 3582 648 3641 noui
672 3578 801 3641 fratrum
827 3600 970 3642 meorum
994 3581 1122 3643 intimos
1146 3580 1303 3642 adlectus:
1321 3596 1347 3636 ao

78 3685 156 3747 alter
180 3687 211 3746 in
233 3683 296 3746 hoc
319 3686 506 3766 dignitatem
532 3685 657 3760 excolit,
682 3696 715 3747 ut
739 3687 796 3748 tibi
820 3695 1009 3748 ornamento
1032 3687 1080 3762 sit,
1105 3686 1183 3750 alter
1199 3688 1229 3748 in
1245 3686 1308 3749 hoc

30 3791 53 3847 3
77 3812 112 3852 se
136 3792 178 3851 ad
209 3791 406 3871 tranquillam
431 3791 634 3873 quietamque
658 3796 755 3854 uitam
779 3796 911 3874 recepit,
943 3801 977 3854 ut
999 3793 1056 3855 tibi
1080 3801 1178 3873 uacet.
1226 3794 1307 3855 bene

73 3897 195 3968 ⁴liberos
218 3907 291 3960 tuos
315 3907 347 3959 et
370 3899 401 3958 in
424 3897 574 3960 auxilium
599 3908 631 3961 ct
654 3900 684 3960 In
707 3898 977 3961 oblectamentum
993 3898 1119 3962 fortuna
1134 3900 1304 3982 disposuit:

78 4143 93 4194 3
120 4144 232 4208 implices
328 4143 345 4196 4
370 4146 516 4209 impedimta
612 4145 638 4197 7«
654 4147 738 4196 uulnus
835 4146 868 4198 12
885 4148 987 4211 imbui¹
1073 4147 1106 4200 13
1133 4154 1194 4196 esset
1213 4147 1306 4198 auxilit't

78 4240 164 4282 contra
182 4234 281 4283 fortuna
295 4232 355 4290 cod.
375 4241 461 4283 contra
479 4236 601 4283 fortunam
621 4241 683 4284 esset
702 4235 817 4284 auxilium
830 4233 912 4304 uulqo
1002 4234 1037 4288 20
1057 4236 1232 4285 adflictationis
1245 4233 1305 4290 cod.

62 4321 226 4370 ⁴adflictionis
245 4319 327 4391 uulqo
418 4321 452 4375 25
480 4325 563 4387 pueris
582 4321 642 4376 cod.
662 4326 799 4388 perueneris
818 4323 902 4393 uulqo
992 4323 1025 4376 26
1052 4340 1120 4373 meos
1140 4321 1303 4378 deteriores:

79 4450 102 4493 ut
120 4433 190 4494 eos'
253 4444 288 4498 29
308 4422 349 4496 fili¹
441 4424 538 4497 alterius
555 4448 576 4512 (s
595 4463 629 4502 m.
648 4449 702 4516 pr.)
