3046 5092
247 327 309 389 158
484 322 564 364 DIAL.
580 320 628 361 Vll.
658 320 699 360 AD
714 319 891 360 GALLIONEM
906 319 947 359 DE
960 319 1031 360 VITA
1046 319 1152 364 BEATA.
1179 321 1200 362 3.
1213 322 1233 363 t.

244 469 445 552 possessione
483 467 621 528 sanitatis
659 486 750 540 suae,
789 465 903 527 deinde
934 464 1021 527 fortis
1057 458 1094 528 ac
1129 465 1317 539 uehemens,
1357 474 1474 528 cuncta

242 572 451 654 pulcherrime
473 574 603 654 patiens,
627 581 701 652 apta
725 572 929 652 temporibus,
954 573 1094 652 corporis
1117 573 1163 634 sui
1184 574 1474 655 pertinentiumque

243 681 284 741 ad
306 678 338 739 id
362 680 483 741 curiosa
505 699 570 740 non
593 680 695 739 anxie
726 687 792 740 tum
817 678 936 739 illarum
961 698 1064 739 rerum
1088 699 1170 759 quae
1193 680 1290 740 uitam
1314 680 1474 741 instruunt

244 785 375 865 diligens
406 786 472 847 sine
503 786 710 847 admiratione
741 785 939 864 cuiusquam,
977 805 1068 846 usura
1102 784 1247 847 fortunae
1278 785 1473 861 muneribuS,

216 911 307 953 anon
338 893 497 954 seruitura.
543 890 711 971 intellegis,
743 891 864 952 etiamsi
894 910 958 952 non
989 892 1138 965 adiciam,
1171 893 1260 973 sequi
1282 902 1507 974 perpetuami

242 998 514 1079 tranquillitatem,
545 997 723 1059 libertatem
754 996 891 1076 depulsis
922 997 956 1058 iis
986 1017 1068 1077 quae
1099 1007 1152 1059 aut
1185 999 1311 1060 inritant
1334 1019 1395 1060 nos
1420 1008 1475 1060 aut

243 1106 393 1166 territant.
440 1125 513 1164 nam
532 1114 594 1183 pro
618 1102 832 1183 uoluptatibus
856 1112 888 1164 et
911 1123 969 1183 pro
994 1102 1049 1164 illis
1072 1124 1155 1184 quae
1177 1124 1275 1185 parua
1298 1125 1337 1166 ac
1352 1104 1475 1184 fragilia

242 1220 315 1271 sunt
338 1220 370 1272 et
393 1211 577 1291 turpissimis
601 1209 724 1290 flagitiis
747 1209 889 1270 obnoxia
920 1210 1029 1290 ingens
1054 1211 1203 1290 gaudium
1231 1211 1331 1286 subit,
1363 1212 1472 1272 incon-

243 1337 367 1379 cussum
398 1324 430 1377 et
461 1315 599 1397 aequale.
646 1326 713 1378 tum
745 1335 810 1395 pax
841 1324 873 1376 et
905 1317 1074 1377 concordia
1104 1318 1198 1378 animi
1226 1327 1258 1379 et
1282 1319 1473 1398 magnitudo

207 1442 228 1479 u
243 1443 315 1483 cum
340 1423 588 1485 mansuetudine.
635 1424 738 1483 omnis
762 1423 845 1483 enim
870 1443 911 1482 ex
935 1420 1113 1484 infirmitate
1135 1421 1241 1485 feritas
1264 1433 1321 1486 est.

331 1530 385 1591 IV.
432 1530 543 1615 Potest
579 1529 667 1591 aliter
701 1549 827 1611 quoque
859 1528 977 1590 definiri
1008 1528 1138 1590 bonum·
1161 1539 1322 1603 nostrum,
1359 1532 1393 1592 id
1425 1542 1503 1595 estt

242 1638 356 1698 eadem
372 1637 527 1698 sententia
542 1656 606 1696 non
622 1636 732 1697 iisdem
749 1636 921 1716 conprendi
936 1635 1047 1696 uerbis.
1086 1637 1361 1716 quemadmodum
1387 1638 1473 1699 idem

242 1743 397 1805 exercitus
429 1743 528 1803 modo
558 1742 649 1804 latius
679 1743 841 1823 panditur,
874 1742 972 1803 modo
1003 1744 1034 1803 in
1062 1750 1230 1822 angustum
1256 1753 1418 1806 coartatur
1442 1754 1474 1806 et

241 1857 295 1910 aut
318 1852 348 1911 in
372 1869 490 1910 cornua
512 1848 632 1910 sinuata
656 1848 760 1909 media
783 1856 873 1928 parte
896 1858 1041 1909 curuatur
1063 1858 1117 1911 aut
1145 1858 1231 1910 recta
1251 1847 1356 1911 fronte
1372 1850 1471 1930 expli-

203 1974 227 2011 15
242 1965 344 2030 catur,
376 1955 421 2016 uis
444 1955 493 2030 illi,
518 1963 687 2035 utcumque
710 1955 872 2015 ordinatus
897 1964 952 2028 est,
977 1954 1089 2015 eadem
1114 1965 1162 2017 est
1186 1963 1217 2016 et
1242 1955 1389 2017 uoluntas
1413 1977 1472 2037 pro

151 2056 154 2065 ’
205 2052 208 2060 ’
241 2064 351 2124 iisdem
375 2061 515 2142 partibus
539 2061 658 2122 standi:
686 2062 728 2122 ita
750 2060 849 2124 finitio
872 2062 987 2123 summi
1012 2061 1086 2121 boni
1110 2061 1184 2123 alias
1209 2060 1342 2123 diffundi
1363 2073 1473 2143 potest

242 2178 274 2230 et
312 2168 486 2249 exporrigi,
525 2167 599 2228 alias
636 2167 739 2248 colligi
770 2177 803 2229 et
833 2168 864 2228 in
894 2187 928 2228 se
960 2169 1040 2247 cogi.
1086 2169 1171 2229 idem
1203 2169 1308 2250 itaque
1338 2171 1415 2245 erit,
1447 2171 1505 2233 si2

243 2276 370 2336 dixero:
404 2295 564 2336 summum
595 2273 716 2335 bonum
748 2284 796 2337 est
827 2274 947 2335 animus
978 2273 1105 2336 fortuita
1133 2276 1324 2355 despiciens,
1356 2277 1472 2338 uirtute

242 2381 357 2456 laetus,
381 2390 451 2442 aut:
486 2382 599 2443 inuicta
622 2383 667 2442 uis
692 2382 802 2456 animi,
833 2381 933 2461 perita
957 2400 1077 2455 rerum,
1100 2381 1224 2462 placida
1247 2383 1277 2443 in
1301 2391 1375 2445 actu
1400 2403 1471 2445 cum

202 2505 227 2544 20
241 2488 436 2550 humanitate
465 2487 564 2549 multa
595 2496 626 2549 et
658 2489 910 2549 conuersantium
943 2507 1023 2549 cura.
1069 2487 1141 2549 licet
1171 2497 1205 2550 et
1234 2489 1278 2550 ita
1301 2489 1408 2565 finire,
1439 2498 1473 2552 ut

241 2594 370 2656 beatum
401 2596 541 2656 dicamus
564 2594 725 2656 hominem
750 2615 838 2668 eum,
870 2593 1058 2656 cuinullum
1082 2594 1202 2658 bonurn
1226 2595 1412 2679 malumque
1434 2598 1472 2659 sit

241 2701 297 2763 nisi
320 2700 423 2762 bonus
448 2701 611 2782 malusque
634 2703 770 2763 animus:
798 2701 922 2763 honesti
945 2700 1112 2776 cultorem,
1137 2703 1252 2764 uirtute
1275 2712 1472 2779 contentum,

241 2828 336 2889 quem
360 2828 419 2869 nec
442 2808 597 2870 extollant
621 2806 748 2869 fortuita
771 2828 829 2868 nec
852 2806 1006 2888 frangant,
1030 2810 1082 2889 qui
1098 2807 1216 2871 nullum
1233 2811 1333 2872 maius
1349 2809 1472 2873 bonum

241 2935 280 2975 eo
315 2915 402 2995 quod
437 2913 494 2975 sibi
534 2916 600 2995 ipse
632 2915 707 2974 dare
737 2921 845 2994 potest
875 2915 1013 2988 nouerit,
1053 2915 1100 2975 cui
1131 2935 1206 2976 uera
1236 2914 1385 2996 uoluptas
1416 2919 1473 2979 erit

200 3036 227 3077 aa
241 3020 449 3102 uoluptatium
483 3022 687 3101 contemptio.
733 3019 820 3094 licet,
855 3020 880 3080 si
912 3021 1038 3101 euagari
1069 3021 1160 3095 uelis,
1199 3023 1283 3084 idem
1315 3023 1346 3084 in
1379 3022 1504 3087 aliam3

199 3195 202 3202 ,
241 3137 336 3208 atque
359 3126 452 3188 aliam
475 3126 590 3188 faciem
611 3125 696 3188 salua
720 3134 752 3187 et
772 3129 894 3206 integra
910 3135 1071 3207 potestate
1086 3126 1262 3191 transferre.
1294 3129 1372 3210 quid
1389 3131 1473 3192 enim

240 3233 388 3315 prohibet
412 3254 470 3295 nos
494 3233 623 3294 beatam
648 3235 743 3294 uitam
768 3234 872 3294 dicere
896 3233 1028 3295 liberum
1053 3234 1193 3296 animum
1217 3244 1249 3297 et
1272 3243 1416 3298 erectum
1442 3245 1475 3299 et

240 3341 415 3402 interritum
439 3360 476 3401 ac
499 3338 662 3414 stabilem,
693 3350 786 3401 extra
809 3349 947 3414 metum,
979 3350 1071 3403 extra
1094 3342 1297 3423 cupiditatem
1320 3319 1474 3423 positum,

241 3447 289 3508 cui
312 3466 408 3508 unum
432 3446 553 3507 bonum
576 3446 616 3507 sit
638 3444 797 3521 honestaS,
821 3466 916 3508 unum
940 3445 1059 3508 malum
1083 3447 1253 3528 turpitudo,
1276 3456 1385 3511 cetera
1405 3449 1476 3512 uilis

201 3570 226 3611 ao
241 3552 334 3616 turba
366 3573 470 3614 rerum
503 3572 562 3614 nec
594 3551 763 3614 detrahens
794 3552 960 3634 quicquam
992 3552 1107 3616 beatae
1138 3553 1220 3616 uitae
1233 3574 1302 3653 'nec
1324 3555 1476 3631 adiciens

195 1594 220 1643 l

343 3801 356 3852 1
381 3790 470 3850 'cuncta
495 3801 659 3881 pqlcherrime
683 3801 779 3864 patiens
798 3796 926 3869 Madut'q:
952 3805 1008 3850 tunc
1032 3802 1196 3865 pulcherrima
1221 3807 1244 3851 ct
1269 3803 1365 3867 patiens
1390 3801 1474 3863 θοάς

240 3893 300 3944 erat
318 3905 379 3942 cum
398 3888 547 3942 conicerem
567 3896 624 3939 tunc
643 3889 808 3954 pulcherrima
827 3889 952 3953 adpetens,
971 3888 1010 3942 itu
1025 3887 1134 3958 quidem
1146 3895 1177 3942 ut
1188 3887 1255 3944 hoec
1267 3899 1477 3960 opponerentur

240 3977 332 4033 uerbis
351 3986 408 4043 apta
427 3979 579 4042 temporibus
669 3975 684 4028 3
705 3978 799 4025 illarum
813 3994 890 4026 rerum
906 3975 1001 4047 Neap,
1021 3995 1099 4028 rerum
1114 3975 1252 4032 Muretus:
1273 3979 1378 4028 aliarum
1390 3996 1476 4030 rerum

330 4066 345 4119 7
370 4081 417 4132 pro
435 4067 601 4130 uoluptatibus
621 4063 671 4117 E¹:
699 4066 866 4130 uoluptatibus
968 4083 1015 4132 que
1122 4065 1139 4120 8
1165 4075 1189 4118 et
1207 4069 1353 4133 turpissimis
1371 4069 1476 4134 flagitiis

241 4156 350 4205 obnoxia
362 4152 457 4208 Koch:
479 4161 502 4204 et
521 4156 579 4220 ipsis
598 4155 697 4219 flagitiis
716 4156 790 4204 noxia
864 4155 894 4206 11
915 4171 1012 4221 quoqu*
1085 4155 1118 4208 12
1136 4173 1186 4207 non
1199 4157 1286 4207 iisdem
1301 4154 1473 4211 deteriores:
1511 4154 1513 4159 ’

240 4261 290 4294 non
309 4246 376 4293 idem
468 4243 501 4296 15
520 4246 582 4292 eade
661 4242 694 4295 16
714 4244 827 4293 eisdem'
885 4242 994 4296 201icet
1016 4242 1112 4298 Gertz:
1133 4246 1193 4296 libet
1266 4245 1298 4299 21
1320 4247 1445 4313 malumq;
1462 4269 1477 4293 ι

329 4333 363 4386 22
389 4333 485 4382 honesti
504 4333 635 4399 cultorem,
662 4335 748 4383 uirtute
767 4338 908 4383 contentum
927 4329 1057 4402 Maduiq:
1084 4335 1180 4383 honesti
1199 4336 1285 4389 cultor.
1305 4336 1392 4387 uirtute
1412 4328 1475 4388 con·

240 4427 317 4471 tentus
