3046 5092
296 365 514 408 coNTVMELmn
534 366 682 406 ACCIPERE
701 366 880 409 SAPIENTEM.
901 367 983 408 XVIII.
1004 355 1065 411 XIX]
1251 377 1292 435 35

88 515 195 591 quando
220 511 315 574 etiam
340 511 527 574 salutaribus
551 534 615 574 non
639 534 848 587 occurremus
872 515 950 575 dum
967 513 1126 575 muliebris
1142 535 1202 575 nos
1219 535 1294 576 cura

86 619 155 699 angit
184 617 301 700 aliquid
331 628 443 681 contra
473 620 613 681 animum
644 622 799 681 audiendi.
851 620 1019 701 aliquando
1052 622 1147 682 etiam
1180 621 1293 682 obirati

83 725 251 804 potentibus
283 726 471 806 detegemus
495 725 579 787 hunc
601 725 762 788 adfectum
785 728 1006 807 intemperanti
1029 725 1181 788 libertate.
1227 747 1293 788 non

82 840 119 892 est
138 841 245 893 autem
269 830 397 894 libertas
421 832 494 893 nihil
518 833 591 914 pati.
616 832 757 894 fallimur.
799 833 932 900 ,libertas
957 842 1004 894 est
1028 835 1166 894 animum
1184 853 1291 914 super-

78 958 186 1019 ponere
208 935 323 999 iniuriis
347 948 379 1000 et
401 959 472 1000 eum
490 938 592 1000 Iacere
608 960 651 1014 se,
675 960 717 1000 ex
733 960 797 1019 quo
813 939 889 1010 solo
899 940 957 1001 sibi
972 940 1142 1020 gaudenda
1159 940 1292 1012 ueniant,
1321 967 1333 1005 5

78 1045 226 1106 exteriora
250 1044 398 1106 diducere
422 1066 441 1106 a
463 1066 505 1119 se,
529 1066 569 1106 ne
593 1046 730 1125 inquieta
752 1047 877 1125 agenda
900 1047 940 1107 sit
964 1047 1026 1107 uita
1048 1047 1188 1106 omnium
1207 1047 1292 1120 risuS,

76 1152 207 1212 omnium
225 1150 345 1231 linguas
360 1151 492 1212 timenti.
531 1153 599 1231 quis
616 1152 698 1213 enim
716 1160 772 1225 est,
796 1152 849 1232 qui
871 1172 935 1214 non
951 1153 1052 1233 possit
1067 1152 1292 1213 contumeliam

51 1255 176 1332 llacere,
201 1258 227 1318 si
250 1259 416 1338 quisquam
440 1256 568 1339 potest?
608 1258 732 1319 diuerso
756 1268 862 1319 autem
887 1260 1028 1319 remedio
1050 1268 1154 1338 utetur
1169 1260 1293 1339 sapiens

75 1362 307 1444 adsectatorque
336 1365 522 1445 sapientiae:
563 1364 740 1444 inperfectis
771 1366 853 1425 enim
885 1374 917 1425 et
940 1364 1045 1426 adhuc
1068 1367 1109 1425 ad
1133 1364 1292 1445 publicum

75 1489 102 1530 se
130 1471 279 1531 iudicium
304 1473 510 1552 dirigentibus
535 1470 597 1533 hoc
621 1471 863 1553 proponendum
888 1481 936 1533 est
959 1474 1038 1532 inter
1061 1473 1183 1532 iniurias
1207 1473 1292 1552 ipsos
1310 1498 1333 1536 ro

77 1577 350 1658 contumeliasque..
360 1577 477 1640 debere
501 1580 632 1640 uersari:
666 1579 773 1639 omnia
796 1578 914 1639 leuiora
936 1579 1080 1639 accident
1097 1579 1292 1658 expectanti·
1351 1579 1353 1583 ’

77 1682 132 1744 bus.
177 1705 243 1764 quo
263 1661 399 1764 quisque
423 1684 585 1745 honestior
609 1705 733 1765 genere,
757 1684 849 1760 fama,
873 1685 1063 1765 patrimonio
1088 1694 1148 1758 est,
1173 1683 1235 1744 hoc
1258 1704 1292 1744 se

79 1787 175 1850 lortius
205 1799 310 1868 gerat,
342 1811 467 1852 memor
497 1792 527 1851 in
557 1792 658 1872 prima
689 1792 755 1853 acie
785 1790 866 1852 altos
895 1792 1020 1852 ordines
1044 1800 1135 1852 stare.
1181 1801 1291 1852 contu-

82 1895 173 1957 melias
197 1906 232 1957 et
255 1896 353 1958 uerba
375 1898 532 1978 probrosa
556 1907 588 1958 et
611 1898 798 1977 ignominias
822 1906 854 1958 et
878 1907 982 1959 cetera
1006 1878 1293 1971 dehonestamenta

84 2001 152 2063 uelut
188 2001 363 2064 clamorem
402 2003 541 2064 hostium
580 2003 660 2065 ferat
696 2013 729 2064 et
759 2003 931 2084 longinqua
961 2004 1025 2065 tela
1055 2013 1087 2065 et
1116 2025 1196 2065 saxa
1226 2004 1291 2065 sine
1308 2028 1331 2068 15

86 2107 194 2170 uohere
218 2110 300 2171 circa
327 2108 434 2189 galeas
452 2110 642 2191 crepitantia.
673 2111 796 2172 iniurias
811 2131 887 2171 uero
905 2121 939 2172 ut
955 2110 1092 2184 uolnera,
1115 2109 1175 2171 alia
1190 2111 1292 2184 armiS,

88 2213 133 2274 alia
151 2217 270 2296 pectori
292 2215 398 2289 infixa,
422 2237 486 2277 non
510 2217 658 2290 deiectus,
682 2237 723 2276 ne
747 2226 853 2278 motus
869 2217 996 2297 quidem
1016 2218 1116 2297 gradu
1133 2219 1292 2278 sustineat.

10 2320 17 2337 ‘
89 2320 189 2382 etiamsi
218 2323 372 2402 premeris
400 2333 432 2384 et
462 2322 574 2384 infesta
602 2324 631 2383 ui
663 2325 794 2404 urgeriS,
827 2325 940 2385 cedere
971 2333 1079 2385 tamen
1110 2334 1202 2412 turpe
1226 2333 1290 2384 est:
1353 2314 1358 2320 ⁴

91 2426 269 2507 adsignatum
292 2450 311 2489 a
334 2438 446 2491 natura
468 2429 574 2491 locum
599 2439 692 2491 tuere,
734 2431 857 2510 quaeris
880 2431 949 2510 quis
973 2429 1023 2491 hic
1038 2432 1078 2492 sit
1094 2431 1202 2492 locus?
1229 2430 1292 2489 uiri.

62 2533 198 2612 lsapienti
219 2535 305 2597 aliud
328 2535 478 2597 auxilium
502 2545 550 2598 est
573 2536 644 2598 huic
665 2538 870 2598 contrarium
902 2558 960 2598 uos
986 2538 1068 2598 enim
1094 2558 1162 2598 rem
1178 2536 1293 2616 geritiS,
1308 2559 1334 2597 no

92 2635 124 2696 illi
145 2650 227 2720 parta
258 2643 387 2704 uictoria
417 2651 473 2705 est.
519 2664 559 2704 ne
590 2652 764 2724 repugnate
793 2652 898 2705 uestro
924 2644 1011 2705 bono
1035 2653 1067 2704 et
1090 2643 1171 2704 hanc
1195 2663 1295 2723 spem,

94 2742 165 2822 dum¹
180 2749 218 2810 ad
250 2770 361 2811 uerum
392 2751 590 2832 peruenistiS,
630 2748 702 2811 alite
733 2749 769 2810 in‘
795 2751 905 2810 animis
936 2749 1133 2830 libentesque
1164 2748 1310 2810 meliora·

94 2852 206 2932 excipite
227 2864 262 2917 et
285 2856 434 2938 opinione
457 2877 494 2917 ac
518 2865 596 2916 uoto
620 2856 744 2917 iuuate:
786 2876 855 2917 esse
878 2855 1013 2936 aliquem
1037 2856 1199 2930 inuictum,
1224 2877 1316 2949 essex

93 2951 218 3038 aliquem,
261 2964 292 3024 in
315 2942 431 3043 ‘quem
474 2962 549 3023 nihil
584 2963 711 3024 fortuna
747 2963 859 3043 possit,
906 2983 924 3023 e
966 2961 1126 3044 republica
1170 2963 1294 3041 generis

95 3055 199 3128 humani
219 3077 275 3130 est.

99 3190 280 3210 κῃ-

96 3267 244 3347 bgaudenda]
264 3295 298 3331 rae
316 3295 413 3331 marica
432 3279 467 3332 sit
485 3280 630 3342 sententia,
656 3278 829 3332 adiciendum
853 3295 912 3332 esse
931 3277 1041 3331 au'detur
1060 3280 1167 3327 dolenda

58 3361 61 3368 ’
95 3355 220 3416 fidlducere
233 3366 327 3421 Gertz:
350 3369 471 3418 deducere
602 3371 688 3417 risus*
812 3368 1000 3433 9affectat0rq;
1135 3368 1167 3419 12
1187 3370 1295 3417 onestior

184 3453 211 3506 13
228 3456 468 3526 interpunctionem
492 3457 618 3510 correoeit
639 3455 733 3523 Gertz,
754 3455 810 3525 fuit
834 3463 912 3521 gerat,
938 3474 1100 3509 memor
1127 3463 1190 3505 stare
1209 3464 1295 3507 eontu-

94 3533 166 3585 melias
262 3545 295 3599 lt}
314 3547 412 3596 uulnere
519 3547 618 3595 uulnera
727 3545 759 3597 ‘18
778 3546 890 3595 infeslaui
913 3544 938 3596 da
963 3562 1049 3610 urgere
1163 3545 1195 3597 19
1214 3547 1294 3610 queris

168 3627 198 3681 20
213 3644 244 3683 ast
263 3635 341 3702 (ras.)
382 3657 386 3665 ·
431 3634 464 3688 23
485 3636 590 3698 aliquem
609 3631 747 3687 Muretus:
769 3636 861 3699 aliquid
945 3632 979 3685 24
999 3651 1012 3682 e
1031 3651 1057 3683 re
1075 3634 1175 3698 publiea
1192 3635 1295 3682 humani

90 3715 173 3768 generis
190 3728 220 3771 est
239 3721 332 3776 Curio:
355 3741 394 3773 ere
412 3725 513 3789 publica
531 3733 578 3776 est.
598 3725 693 3788 generis
712 3725 813 3772 humani
832 3729 874 3776 est.
