<?xml version="1.0" encoding="UTF-8"?>
<!DOCTYPE html PUBLIC "-//W3C//DTD XHTML 1.0 Transitional//EN"
    "http://www.w3.org/TR/xhtml1/DTD/xhtml1-transitional.dtd">
<html xmlns="http://www.w3.org/1999/xhtml" xml:lang="en" lang="en">
 <head>
  <title>
</title>
<meta http-equiv="Content-Type" content="text/html;charset=utf-8" />
  <meta name='ocr-system' content='tesseract 3.04.00' />
  <meta name='ocr-capabilities' content='ocr_page ocr_carea ocr_par ocr_line ocrx_word'/>
</head>
<body>
  <div class='ocr_page' id='page_1' title='image "./lannaeisenecaed00vahlgoog_0145.png"; bbox 0 0 3046 5092; ppageno 0'>
   <div class='ocr_carea' id='block_1_1' title="bbox 152 308 988 380">
    <p class='ocr_par' dir='ltr' id='par_1_1' title="bbox 152 308 988 380">
     <span class='ocr_line' id='line_1_1' title="bbox 152 308 988 380; baseline -0.013 -16"><span class='ocrx_word' id='word_1_1' title='bbox 152 319 213 380; x_wconf 79' lang='lat'><strong>106</strong></span> <span class='ocrx_word' id='word_1_2' title='bbox 544 312 622 354; x_wconf 87' lang='lat' dir='ltr'><strong>DlAL.</strong></span> <span class='ocrx_word' id='word_1_3' title='bbox 637 311 664 353; x_wconf 91' lang='lat' dir='ltr'><strong>V.</strong></span> <span class='ocrx_word' id='word_1_4' title='bbox 693 308 733 351; x_wconf 90' lang='lat' dir='ltr'><strong>DE</strong></span> <span class='ocrx_word' id='word_1_5' title='bbox 748 311 800 352; x_wconf 85' lang='lat' dir='ltr'><strong>IRA</strong></span> <span class='ocrx_word' id='word_1_6' title='bbox 815 311 869 353; x_wconf 87' lang='lat' dir='ltr'><strong>LlB.</strong></span> <span class='ocrx_word' id='word_1_7' title='bbox 885 311 925 351; x_wconf 89' lang='lat'><strong>111.</strong></span> <span class='ocrx_word' id='word_1_8' title='bbox 954 312 988 353; x_wconf 72' lang='lat'><strong>23.</strong></span> 
     </span>
    </p>
   </div>
   <div class='ocr_carea' id='block_1_2' title="bbox 107 457 1426 1396">
    <p class='ocr_par' dir='ltr' id='par_1_2' title="bbox 107 457 1426 1396">
     <span class='ocr_line' id='line_1_2' title="bbox 150 457 1426 541; baseline -0.003 -17"><span class='ocrx_word' id='word_1_9' title='bbox 150 470 197 537; x_wconf 90' lang='lat' dir='ltr'><strong>et,</strong></span> <span class='ocrx_word' id='word_1_10' title='bbox 236 470 280 536; x_wconf 90' lang='lat' dir='ltr'><strong>te,</strong></span> <span class='ocrx_word' id='word_1_11' title='bbox 311 462 426 541; x_wconf 92' lang='lat' dir='ltr'><strong>inquit,</strong></span> <span class='ocrx_word' id='word_1_12' title='bbox 466 461 667 540; x_wconf 86' lang='lat' dir='ltr'><strong>suspendere.</strong></span> <span class='ocrx_word' id='word_1_13' title='bbox 728 459 902 540; x_wconf 82' lang='lat' dir='ltr'>indignatio</span> <span class='ocrx_word' id='word_1_14' title='bbox 935 459 1204 521; x_wconf 92' lang='lat' dir='ltr'><strong>circumstantium</strong></span> <span class='ocrx_word' id='word_1_15' title='bbox 1236 457 1279 519; x_wconf 89' lang='lat' dir='ltr'><strong>ad</strong></span> <span class='ocrx_word' id='word_1_16' title='bbox 1310 466 1377 519; x_wconf 92' lang='lat' dir='ltr'><strong>tam</strong></span> <span class='ocrx_word' id='word_1_17' title='bbox 1397 467 1426 520; x_wconf 75' lang='grc' dir='ltr'><strong>ἔ</strong></span> 
     </span>
     <span class='ocr_line' id='line_1_3' title="bbox 107 565 1379 648; baseline -0.002 -20"><span class='ocrx_word' id='word_1_18' title='bbox 107 628 116 640; x_wconf 67' lang='grc'>,</span> <span class='ocrx_word' id='word_1_19' title='bbox 149 567 353 629; x_wconf 90' lang='lat' dir='ltr'><strong>inhumanum</strong></span> <span class='ocrx_word' id='word_1_20' title='bbox 386 588 573 648; x_wconf 89' lang='lat' dir='ltr'><strong>responsum</strong></span> <span class='ocrx_word' id='word_1_21' title='bbox 605 577 720 629; x_wconf 91' lang='lat' dir='ltr'><strong>exorta</strong></span> <span class='ocrx_word' id='word_1_22' title='bbox 748 576 823 629; x_wconf 91' lang='lat' dir='ltr'><strong>erat.</strong></span> <span class='ocrx_word' id='word_1_23' title='bbox 870 585 950 646; x_wconf 90' lang='lat' dir='ltr'><strong>quos</strong></span> <span class='ocrx_word' id='word_1_24' title='bbox 973 565 1133 646; x_wconf 91' lang='lat' dir='ltr'><strong>Philippus</strong></span> <span class='ocrx_word' id='word_1_25' title='bbox 1162 567 1379 627; x_wconf 85' lang='lat' dir='ltr'><strong>conticescere</strong></span> 
     </span>
     <span class='ocr_line' id='line_1_4' title="bbox 150 673 1379 754; baseline -0.004 -17"><span class='ocrx_word' id='word_1_26' title='bbox 150 677 249 739; x_wconf 86' lang='lat' dir='ltr'><strong>iussit.</strong></span> <span class='ocrx_word' id='word_1_27' title='bbox 262 683 296 736; x_wconf 91' lang='lat' dir='ltr'><strong>et</strong></span> <span class='ocrx_word' id='word_1_28' title='bbox 311 674 492 737; x_wconf 83' lang='lat' dir='ltr'><strong>Thersitam</strong></span> <span class='ocrx_word' id='word_1_29' title='bbox 515 673 601 736; x_wconf 91' lang='lat' dir='ltr'><strong>illum</strong></span> <span class='ocrx_word' id='word_1_30' title='bbox 623 673 745 736; x_wconf 90' lang='lat' dir='ltr'><strong>saluum</strong></span> <span class='ocrx_word' id='word_1_31' title='bbox 768 673 1024 754; x_wconf 85' lang='lat' dir='ltr'><strong>incolumemque</strong></span> <span class='ocrx_word' id='word_1_32' title='bbox 1046 673 1214 734; x_wconf 85' lang='lat' dir='ltr'><strong>dimittere.</strong></span> <span class='ocrx_word' id='word_1_33' title='bbox 1254 681 1289 734; x_wconf 95' lang='lat' dir='ltr'><strong>at</strong></span> <span class='ocrx_word' id='word_1_34' title='bbox 1312 691 1379 745; x_wconf 91' lang='lat' dir='ltr'><strong>uos,</strong></span> 
     </span>
     <span class='ocr_line' id='line_1_5' title="bbox 151 767 1379 862; baseline -0.002 -20"><span class='ocrx_word' id='word_1_35' title='bbox 151 783 259 862; x_wconf 90' lang='lat' dir='ltr'><strong>inquit,</strong></span> <span class='ocrx_word' id='word_1_36' title='bbox 283 784 379 844; x_wconf 90' lang='lat' dir='ltr'><strong>ceteri</strong></span> <span class='ocrx_word' id='word_1_37' title='bbox 402 782 507 862; x_wconf 82' lang='lat' dir='ltr'><strong>legati,</strong></span> <span class='ocrx_word' id='word_1_38' title='bbox 531 784 672 844; x_wconf 90' lang='lat' dir='ltr'><strong>nuntiate</strong></span> <span class='ocrx_word' id='word_1_39' title='bbox 695 780 945 843; x_wconf 88' lang='lat' dir='ltr'><strong>Atheniensibus</strong></span> <span class='ocrx_word' id='word_1_40' title='bbox 966 767 1284 860; x_wconf 49' lang='lat' dir='ltr'><strong>multo&#39;superbiores</strong></span> <span class='ocrx_word' id='word_1_41' title='bbox 1300 797 1379 851; x_wconf 89' lang='lat' dir='ltr'><strong>esse,</strong></span> 
     </span>
     <span class='ocr_line' id='line_1_6' title="bbox 124 884 1412 976; baseline -0.002 -31"><span class='ocrx_word' id='word_1_42' title='bbox 124 891 203 969; x_wconf 73' lang='lat' dir='ltr'><strong>iqui</strong></span> <span class='ocrx_word' id='word_1_43' title='bbox 234 891 295 950; x_wconf 90' lang='lat' dir='ltr'><strong>ista</strong></span> <span class='ocrx_word' id='word_1_44' title='bbox 325 889 433 952; x_wconf 90' lang='lat' dir='ltr'><strong>dicunt</strong></span> <span class='ocrx_word' id='word_1_45' title='bbox 463 910 559 970; x_wconf 91' lang='lat' dir='ltr'><strong>quarn</strong></span> <span class='ocrx_word' id='word_1_46' title='bbox 591 892 642 969; x_wconf 92' lang='lat' dir='ltr'><strong>qui</strong></span> <span class='ocrx_word' id='word_1_47' title='bbox 673 891 793 976; x_wconf 85' lang='lat' dir='ltr'><strong>inpune</strong></span> <span class='ocrx_word' id='word_1_48' title='bbox 819 889 904 950; x_wconf 91' lang='lat' dir='ltr'><strong>dicta</strong></span> <span class='ocrx_word' id='word_1_49' title='bbox 927 887 1065 950; x_wconf 89' lang='lat' dir='ltr'><strong>audiunt.</strong></span> <span class='ocrx_word' id='word_1_50' title='bbox 1110 886 1210 948; x_wconf 88' lang='lat' dir='ltr'><strong>multa</strong></span> <span class='ocrx_word' id='word_1_51' title='bbox 1233 895 1267 949; x_wconf 91' lang='lat' dir='ltr'><strong>et</strong></span> <span class='ocrx_word' id='word_1_52' title='bbox 1290 884 1412 947; x_wconf 76' lang='lat' dir='ltr'><strong>diuust</strong></span> 
     </span>
     <span class='ocr_line' id='line_1_7' title="bbox 150 995 1378 1076; baseline -0.002 -19"><span class='ocrx_word' id='word_1_53' title='bbox 150 995 317 1076; x_wconf 88' lang='lat' dir='ltr'><strong>Augustus</strong></span> <span class='ocrx_word' id='word_1_54' title='bbox 341 996 437 1076; x_wconf 80' lang='lat' dir='ltr'><strong>digna</strong></span> <span class='ocrx_word' id='word_1_55' title='bbox 460 998 615 1059; x_wconf 90' lang='lat' dir='ltr'><strong>memoria</strong></span> <span class='ocrx_word' id='word_1_56' title='bbox 638 996 712 1058; x_wconf 85' lang='lat' dir='ltr'><strong>lecit</strong></span> <span class='ocrx_word' id='word_1_57' title='bbox 735 996 887 1076; x_wconf 88' lang='lat' dir='ltr'><strong>dixitque,</strong></span> <span class='ocrx_word' id='word_1_58' title='bbox 920 1016 962 1057; x_wconf 91' lang='lat' dir='ltr'><strong>ex</strong></span> <span class='ocrx_word' id='word_1_59' title='bbox 985 995 1099 1075; x_wconf 90' lang='lat' dir='ltr'><strong>quibus</strong></span> <span class='ocrx_word' id='word_1_60' title='bbox 1122 1003 1278 1075; x_wconf 88' lang='lat' dir='ltr'><strong>appareat</strong></span> <span class='ocrx_word' id='word_1_61' title='bbox 1300 995 1378 1055; x_wconf 90' lang='lat' dir='ltr'><strong>iram</strong></span> 
     </span>
     <span class='ocr_line' id='line_1_8' title="bbox 151 1100 1378 1184; baseline -0.001 -22"><span class='ocrx_word' id='word_1_62' title='bbox 151 1100 192 1163; x_wconf 93' lang='lat' dir='ltr'><strong>illi</strong></span> <span class='ocrx_word' id='word_1_63' title='bbox 222 1121 286 1164; x_wconf 92' lang='lat' dir='ltr'><strong>non</strong></span> <span class='ocrx_word' id='word_1_64' title='bbox 313 1105 493 1183; x_wconf 89' lang='lat' dir='ltr'><strong>imperasse.</strong></span> <span class='ocrx_word' id='word_1_65' title='bbox 540 1103 731 1184; x_wconf 84' lang='lat' dir='ltr'><strong>Timagenes</strong></span> <span class='ocrx_word' id='word_1_66' title='bbox 754 1101 957 1164; x_wconf 88' lang='lat' dir='ltr'><strong>historiarum</strong></span> <span class='ocrx_word' id='word_1_67' title='bbox 989 1105 1125 1182; x_wconf 88' lang='lat' dir='ltr'><strong>scriptor</strong></span> <span class='ocrx_word' id='word_1_68' title='bbox 1156 1102 1318 1182; x_wconf 90' lang='lat' dir='ltr'><strong>quaedam</strong></span> <span class='ocrx_word' id='word_1_69' title='bbox 1348 1103 1378 1162; x_wconf 94' lang='lat' dir='ltr'><strong>in</strong></span> 
     </span>
     <span class='ocr_line' id='line_1_9' title="bbox 152 1210 1380 1290; baseline 0 -21"><span class='ocrx_word' id='word_1_70' title='bbox 152 1211 265 1289; x_wconf 89' lang='lat' dir='ltr'><strong>ipsum,</strong></span> <span class='ocrx_word' id='word_1_71' title='bbox 288 1210 445 1290; x_wconf 91' lang='lat' dir='ltr'><strong>quaedam</strong></span> <span class='ocrx_word' id='word_1_72' title='bbox 469 1212 500 1270; x_wconf 94' lang='lat' dir='ltr'><strong>in</strong></span> <span class='ocrx_word' id='word_1_73' title='bbox 523 1230 659 1284; x_wconf 82' lang='lat' dir='ltr'><strong>uxorem</strong></span> <span class='ocrx_word' id='word_1_74' title='bbox 683 1211 749 1272; x_wconf 91' lang='lat' dir='ltr'><strong>eius</strong></span> <span class='ocrx_word' id='word_1_75' title='bbox 772 1219 806 1272; x_wconf 91' lang='lat' dir='ltr'><strong>et</strong></span> <span class='ocrx_word' id='word_1_76' title='bbox 829 1212 860 1272; x_wconf 89' lang='lat' dir='ltr'><strong>in</strong></span> <span class='ocrx_word' id='word_1_77' title='bbox 884 1218 989 1271; x_wconf 90' lang='lat' dir='ltr'><strong>totam</strong></span> <span class='ocrx_word' id='word_1_78' title='bbox 1012 1210 1146 1271; x_wconf 91' lang='lat' dir='ltr'><strong>domum</strong></span> <span class='ocrx_word' id='word_1_79' title='bbox 1169 1210 1300 1270; x_wconf 88' lang='lat' dir='ltr'><strong>dixerat</strong></span> <span class='ocrx_word' id='word_1_80' title='bbox 1322 1227 1380 1269; x_wconf 90' lang='lat' dir='ltr'><strong>nec</strong></span> 
     </span>
     <span class='ocr_line' id='line_1_10' title="bbox 152 1314 1379 1396; baseline 0 -20"><span class='ocrx_word' id='word_1_81' title='bbox 152 1316 335 1396; x_wconf 89' lang='lat' dir='ltr'><strong>perdiderat</strong></span> <span class='ocrx_word' id='word_1_82' title='bbox 366 1318 457 1378; x_wconf 91' lang='lat' dir='ltr'><strong>dicta.</strong></span> <span class='ocrx_word' id='word_1_83' title='bbox 512 1318 612 1396; x_wconf 88' lang='lat' dir='ltr'><strong>magis</strong></span> <span class='ocrx_word' id='word_1_84' title='bbox 643 1319 728 1378; x_wconf 90' lang='lat' dir='ltr'><strong>enim</strong></span> <span class='ocrx_word' id='word_1_85' title='bbox 759 1314 974 1379; x_wconf 86' lang='lat' dir='ltr'><strong>circumfertur</strong></span> <span class='ocrx_word' id='word_1_86' title='bbox 1005 1325 1038 1378; x_wconf 90' lang='lat' dir='ltr'><strong>et</strong></span> <span class='ocrx_word' id='word_1_87' title='bbox 1067 1318 1099 1378; x_wconf 93' lang='lat' dir='ltr'><strong>in</strong></span> <span class='ocrx_word' id='word_1_88' title='bbox 1131 1335 1187 1378; x_wconf 89' lang='lat' dir='ltr'><strong>ore</strong></span> <span class='ocrx_word' id='word_1_89' title='bbox 1212 1314 1379 1377; x_wconf 91' lang='lat' dir='ltr'><strong>hominurn</strong></span> 
     </span>
    </p>
   </div>
   <div class='ocr_carea' id='block_1_3' title="bbox 8 1416 1406 1504">
    <p class='ocr_par' dir='ltr' id='par_1_3' title="bbox 8 1416 1406 1504">
     <span class='ocr_line' id='line_1_11' title="bbox 8 1416 1406 1504; baseline -0.001 -21"><span class='ocrx_word' id='word_1_90' title='bbox 8 1416 17 1431; x_wconf 60' lang='lat'>⁸</span> <span class='ocrx_word' id='word_1_91' title='bbox 116 1439 138 1477; x_wconf 84' lang='lat' dir='ltr'><strong>u</strong></span> <span class='ocrx_word' id='word_1_92' title='bbox 154 1431 203 1484; x_wconf 90' lang='lat' dir='ltr'><strong>est</strong></span> <span class='ocrx_word' id='word_1_93' title='bbox 233 1425 400 1485; x_wconf 88' lang='lat' dir='ltr'><strong>temeraria</strong></span> <span class='ocrx_word' id='word_1_94' title='bbox 431 1422 600 1485; x_wconf 87' lang='lat' dir='ltr'><strong>urbanitas.</strong></span> <span class='ocrx_word' id='word_1_95' title='bbox 645 1443 741 1504; x_wconf 90' lang='lat' dir='ltr'><strong>saepe</strong></span> <span class='ocrx_word' id='word_1_96' title='bbox 764 1423 851 1485; x_wconf 92' lang='lat' dir='ltr'><strong>illum</strong></span> <span class='ocrx_word' id='word_1_97' title='bbox 875 1422 992 1485; x_wconf 90' lang='lat' dir='ltr'><strong>Caesar</strong></span> <span class='ocrx_word' id='word_1_98' title='bbox 1015 1424 1151 1497; x_wconf 90' lang='lat' dir='ltr'><strong>monuit,</strong></span> <span class='ocrx_word' id='word_1_99' title='bbox 1183 1422 1406 1484; x_wconf 78' lang='lat' dir='ltr'><strong>moderatiusi</strong></span> 
     </span>
    </p>
   </div>
   <div class='ocr_carea' id='block_1_4' title="bbox 118 1528 1416 3215">
    <p class='ocr_par' dir='ltr' id='par_1_4' title="bbox 118 1528 1416 3215">
     <span class='ocr_line' id='line_1_12' title="bbox 153 1528 1379 1611; baseline 0 -21"><span class='ocrx_word' id='word_1_100' title='bbox 153 1529 261 1610; x_wconf 89' lang='lat' dir='ltr'><strong>lingua</strong></span> <span class='ocrx_word' id='word_1_101' title='bbox 284 1538 441 1592; x_wconf 89' lang='lat' dir='ltr'><strong>uteretur:</strong></span> <span class='ocrx_word' id='word_1_102' title='bbox 477 1533 690 1611; x_wconf 90' lang='lat' dir='ltr'><strong>perseueranti</strong></span> <span class='ocrx_word' id='word_1_103' title='bbox 714 1529 813 1592; x_wconf 91' lang='lat' dir='ltr'><strong>domo</strong></span> <span class='ocrx_word' id='word_1_104' title='bbox 837 1550 895 1592; x_wconf 92' lang='lat' dir='ltr'><strong>sua</strong></span> <span class='ocrx_word' id='word_1_105' title='bbox 916 1531 1088 1592; x_wconf 91' lang='lat' dir='ltr'><strong>interdixit.</strong></span> <span class='ocrx_word' id='word_1_106' title='bbox 1133 1539 1250 1610; x_wconf 89' lang='lat' dir='ltr'><strong>postea</strong></span> <span class='ocrx_word' id='word_1_107' title='bbox 1273 1528 1379 1591; x_wconf 92' lang='lat' dir='ltr'><strong>Tima-</strong></span> 
     </span>
     <span class='ocr_line' id='line_1_13' title="bbox 154 1620 1381 1717; baseline -0.001 -19"><span class='ocrx_word' id='word_1_108' title='bbox 154 1655 252 1717; x_wconf 81' lang='lat' dir='ltr'><strong>genes</strong></span> <span class='ocrx_word' id='word_1_109' title='bbox 281 1639 313 1698; x_wconf 93' lang='lat' dir='ltr'><strong>in</strong></span> <span class='ocrx_word' id='word_1_110' title='bbox 345 1635 552 1699; x_wconf 90' lang='lat' dir='ltr'><strong>contubernio</strong></span> <span class='ocrx_word' id='word_1_111' title='bbox 584 1635 733 1700; x_wconf 90' lang='lat' dir='ltr'><strong>Pollionis</strong></span> <span class='ocrx_word' id='word_1_112' title='bbox 765 1636 857 1699; x_wconf 90' lang='lat' dir='ltr'><strong>Asini</strong></span> <span class='ocrx_word' id='word_1_113' title='bbox 888 1639 1054 1699; x_wconf 91' lang='lat' dir='ltr'><strong>consenuit</strong></span> <span class='ocrx_word' id='word_1_114' title='bbox 1084 1656 1122 1698; x_wconf 90' lang='lat' dir='ltr'><strong>ac</strong></span> <span class='ocrx_word' id='word_1_115' title='bbox 1143 1620 1224 1699; x_wconf 86' lang='lat' dir='ltr'><strong>¹tota</strong></span> <span class='ocrx_word' id='word_1_116' title='bbox 1254 1637 1381 1698; x_wconf 87' lang='lat' dir='ltr'><strong>ciuitate</strong></span> 
     </span>
     <span class='ocr_line' id='line_1_14' title="bbox 155 1723 1381 1824; baseline -0.001 -18"><span class='ocrx_word' id='word_1_117' title='bbox 155 1747 296 1824; x_wconf 91' lang='lat' dir='ltr'><strong>direptus</strong></span> <span class='ocrx_word' id='word_1_118' title='bbox 320 1753 377 1806; x_wconf 88' lang='lat' dir='ltr'><strong>est.</strong></span> <span class='ocrx_word' id='word_1_119' title='bbox 422 1742 541 1804; x_wconf 92' lang='lat' dir='ltr'><strong>nullum</strong></span> <span class='ocrx_word' id='word_1_120' title='bbox 564 1742 604 1806; x_wconf 91' lang='lat' dir='ltr'><strong>illi</strong></span> <span class='ocrx_word' id='word_1_121' title='bbox 628 1723 725 1806; x_wconf 90' lang='lat' dir='ltr'><strong>limen</strong></span> <span class='ocrx_word' id='word_1_122' title='bbox 747 1744 912 1824; x_wconf 88' lang='lat' dir='ltr'><strong>praeclusa</strong></span> <span class='ocrx_word' id='word_1_123' title='bbox 934 1742 1077 1806; x_wconf 90' lang='lat' dir='ltr'><strong>Caesaris</strong></span> <span class='ocrx_word' id='word_1_124' title='bbox 1103 1745 1219 1805; x_wconf 92' lang='lat' dir='ltr'><strong>domus</strong></span> <span class='ocrx_word' id='word_1_125' title='bbox 1243 1743 1381 1823; x_wconf 91' lang='lat' dir='ltr'><strong>apstulit.</strong></span> 
     </span>
     <span class='ocr_line' id='line_1_15' title="bbox 155 1847 1411 1935; baseline -0.005 -23"><span class='ocrx_word' id='word_1_126' title='bbox 155 1851 301 1913; x_wconf 87' lang='lat' dir='ltr'><strong>historias</strong></span> <span class='ocrx_word' id='word_1_127' title='bbox 331 1870 409 1931; x_wconf 91' lang='lat' dir='ltr'><strong>quas</strong></span> <span class='ocrx_word' id='word_1_128' title='bbox 440 1861 554 1931; x_wconf 90' lang='lat' dir='ltr'><strong>postea</strong></span> <span class='ocrx_word' id='word_1_129' title='bbox 576 1853 753 1931; x_wconf 88' lang='lat' dir='ltr'><strong>scripserat,</strong></span> <span class='ocrx_word' id='word_1_130' title='bbox 785 1853 926 1914; x_wconf 91' lang='lat' dir='ltr'><strong>recitauit</strong></span> <span class='ocrx_word' id='word_1_131' title='bbox 956 1850 1005 1931; x_wconf 55' lang='lat' dir='ltr'><strong>let¹</strong></span> <span class='ocrx_word' id='word_1_132' title='bbox 1024 1847 1198 1935; x_wconf 84' lang='lat' dir='ltr'><strong>conbussit]</strong></span> <span class='ocrx_word' id='word_1_133' title='bbox 1227 1859 1262 1913; x_wconf 88' lang='lat' dir='ltr'><strong>et</strong></span> <span class='ocrx_word' id='word_1_134' title='bbox 1284 1849 1411 1912; x_wconf 84' lang='lat' dir='ltr'><strong>libr0s6</strong></span> 
     </span>
     <span class='ocr_line' id='line_1_16' title="bbox 118 1956 1383 2038; baseline 0 -19"><span class='ocrx_word' id='word_1_135' title='bbox 118 1981 141 2019; x_wconf 80' lang='lat' dir='ltr'><strong>n</strong></span> <span class='ocrx_word' id='word_1_136' title='bbox 156 1967 227 2021; x_wconf 88' lang='lat' dir='ltr'><strong>acta</strong></span> <span class='ocrx_word' id='word_1_137' title='bbox 260 1956 402 2019; x_wconf 89' lang='lat' dir='ltr'><strong>Caesaris</strong></span> <span class='ocrx_word' id='word_1_138' title='bbox 426 1956 564 2038; x_wconf 88' lang='lat' dir='ltr'><strong>Augusti</strong></span> <span class='ocrx_word' id='word_1_139' title='bbox 595 1959 786 2020; x_wconf 89' lang='lat' dir='ltr'><strong>continentis</strong></span> <span class='ocrx_word' id='word_1_140' title='bbox 813 1960 845 2020; x_wconf 92' lang='lat' dir='ltr'><strong>in</strong></span> <span class='ocrx_word' id='word_1_141' title='bbox 876 1960 983 2038; x_wconf 85' lang='lat' dir='ltr'><strong>ignem</strong></span> <span class='ocrx_word' id='word_1_142' title='bbox 1014 1959 1160 2038; x_wconf 92' lang='lat' dir='ltr'><strong>inposuit.</strong></span> <span class='ocrx_word' id='word_1_143' title='bbox 1205 1958 1383 2020; x_wconf 86' lang='lat' dir='ltr'><strong>inimicitias</strong></span> 
     </span>
     <span class='ocr_line' id='line_1_17' title="bbox 156 2061 1383 2146; baseline -0.001 -21"><span class='ocrx_word' id='word_1_144' title='bbox 156 2067 254 2144; x_wconf 89' lang='lat' dir='ltr'><strong>gessit</strong></span> <span class='ocrx_word' id='word_1_145' title='bbox 285 2085 357 2126; x_wconf 91' lang='lat' dir='ltr'><strong>curn</strong></span> <span class='ocrx_word' id='word_1_146' title='bbox 382 2061 536 2126; x_wconf 84' lang='lat' dir='ltr'><strong>Caesare:</strong></span> <span class='ocrx_word' id='word_1_147' title='bbox 578 2085 674 2126; x_wconf 92' lang='lat' dir='ltr'><strong>nemo</strong></span> <span class='ocrx_word' id='word_1_148' title='bbox 706 2067 876 2127; x_wconf 88' lang='lat' dir='ltr'><strong>amicitiam</strong></span> <span class='ocrx_word' id='word_1_149' title='bbox 900 2066 965 2127; x_wconf 89' lang='lat' dir='ltr'><strong>eius</strong></span> <span class='ocrx_word' id='word_1_150' title='bbox 990 2066 1150 2138; x_wconf 90' lang='lat' dir='ltr'><strong>extimuit,</strong></span> <span class='ocrx_word' id='word_1_151' title='bbox 1173 2083 1271 2126; x_wconf 91' lang='lat' dir='ltr'><strong>nemo</strong></span> <span class='ocrx_word' id='word_1_152' title='bbox 1294 2064 1383 2146; x_wconf 90' lang='lat' dir='ltr'><strong>quasi</strong></span> 
     </span>
     <span class='ocr_line' id='line_1_18' title="bbox 156 2169 1383 2252; baseline -0.002 -19"><span class='ocrx_word' id='word_1_153' title='bbox 156 2171 338 2252; x_wconf 84' lang='lat' dir='ltr'><strong>fulguritum</strong></span> <span class='ocrx_word' id='word_1_154' title='bbox 377 2169 500 2251; x_wconf 84' lang='lat' dir='ltr'><strong>refugit.</strong></span> <span class='ocrx_word' id='word_1_155' title='bbox 552 2169 609 2233; x_wconf 86' lang='lat' dir='ltr'><strong>fuit</strong></span> <span class='ocrx_word' id='word_1_156' title='bbox 640 2173 692 2251; x_wconf 94' lang='lat' dir='ltr'><strong>qui</strong></span> <span class='ocrx_word' id='word_1_157' title='bbox 723 2170 891 2252; x_wconf 87' lang='lat' dir='ltr'><strong>praeberet</strong></span> <span class='ocrx_word' id='word_1_158' title='bbox 921 2181 989 2234; x_wconf 88' lang='lat' dir='ltr'><strong>tam</strong></span> <span class='ocrx_word' id='word_1_159' title='bbox 1020 2170 1083 2234; x_wconf 91' lang='lat' dir='ltr'><strong>alte</strong></span> <span class='ocrx_word' id='word_1_160' title='bbox 1114 2169 1240 2233; x_wconf 90' lang='lat' dir='ltr'><strong>cadenti</strong></span> <span class='ocrx_word' id='word_1_161' title='bbox 1271 2171 1383 2233; x_wconf 92' lang='lat' dir='ltr'><strong>sinum.</strong></span> 
     </span>
     <span class='ocr_line' id='line_1_19' title="bbox 156 2275 1415 2359; baseline -0.001 -19"><span class='ocrx_word' id='word_1_162' title='bbox 156 2277 229 2341; x_wconf 93' lang='lat' dir='ltr'><strong>tulit</strong></span> <span class='ocrx_word' id='word_1_163' title='bbox 250 2277 326 2352; x_wconf 91' lang='lat' dir='ltr'><strong>hoc,</strong></span> <span class='ocrx_word' id='word_1_164' title='bbox 358 2286 393 2340; x_wconf 95' lang='lat' dir='ltr'><strong>ut</strong></span> <span class='ocrx_word' id='word_1_165' title='bbox 415 2279 495 2351; x_wconf 92' lang='lat' dir='ltr'><strong>dixi,</strong></span> <span class='ocrx_word' id='word_1_166' title='bbox 528 2275 644 2340; x_wconf 88' lang='lat' dir='ltr'><strong>Caesar</strong></span> <span class='ocrx_word' id='word_1_167' title='bbox 675 2280 844 2359; x_wconf 90' lang='lat' dir='ltr'><strong>patienter,</strong></span> <span class='ocrx_word' id='word_1_168' title='bbox 876 2298 916 2340; x_wconf 86' lang='lat' dir='ltr'><strong>ne</strong></span> <span class='ocrx_word' id='word_1_169' title='bbox 939 2298 979 2340; x_wconf 92' lang='lat' dir='ltr'><strong>eo</strong></span> <span class='ocrx_word' id='word_1_170' title='bbox 1003 2279 1131 2359; x_wconf 90' lang='lat' dir='ltr'><strong>quidem</strong></span> <span class='ocrx_word' id='word_1_171' title='bbox 1155 2287 1273 2353; x_wconf 91' lang='lat' dir='ltr'><strong>motus,</strong></span> <span class='ocrx_word' id='word_1_172' title='bbox 1296 2278 1415 2359; x_wconf 78' lang='lat' dir='ltr'><strong>quodi</strong></span> 
     </span>
     <span class='ocr_line' id='line_1_20' title="bbox 139 2383 1384 2466; baseline 0 -20"><span class='ocrx_word' id='word_1_173' title='bbox 139 2383 302 2447; x_wconf 75' lang='lat' dir='ltr'><strong>&#39;laudibus</strong></span> <span class='ocrx_word' id='word_1_174' title='bbox 336 2386 399 2446; x_wconf 90' lang='lat' dir='ltr'><strong>suis</strong></span> <span class='ocrx_word' id='word_1_175' title='bbox 437 2384 593 2465; x_wconf 89' lang='lat' dir='ltr'><strong>rebusque</strong></span> <span class='ocrx_word' id='word_1_176' title='bbox 621 2387 718 2465; x_wconf 90' lang='lat' dir='ltr'><strong>gestis</strong></span> <span class='ocrx_word' id='word_1_177' title='bbox 747 2405 858 2447; x_wconf 92' lang='lat' dir='ltr'><strong>manus</strong></span> <span class='ocrx_word' id='word_1_178' title='bbox 886 2383 1054 2447; x_wconf 88' lang='lat' dir='ltr'><strong>adtulerat.</strong></span> <span class='ocrx_word' id='word_1_179' title='bbox 1106 2403 1281 2466; x_wconf 89' lang='lat' dir='ltr'><strong>numquam</strong></span> <span class='ocrx_word' id='word_1_180' title='bbox 1314 2403 1384 2446; x_wconf 91' lang='lat' dir='ltr'><strong>cum</strong></span> 
     </span>
     <span class='ocr_line' id='line_1_21' title="bbox 118 2476 1386 2575; baseline 0.003 -27"><span class='ocrx_word' id='word_1_181' title='bbox 118 2508 144 2549; x_wconf 84' lang='lat' dir='ltr'><strong>n</strong></span> <span class='ocrx_word' id='word_1_182' title='bbox 158 2491 285 2572; x_wconf 90' lang='lat' dir='ltr'><strong>hospite</strong></span> <span class='ocrx_word' id='word_1_183' title='bbox 320 2493 432 2553; x_wconf 88' lang='lat' dir='ltr'><strong>inimici</strong></span> <span class='ocrx_word' id='word_1_184' title='bbox 464 2493 511 2552; x_wconf 90' lang='lat' dir='ltr'><strong>sui</strong></span> <span class='ocrx_word' id='word_1_185' title='bbox 531 2476 670 2572; x_wconf 26' lang='lat' dir='ltr'><strong>&#39;questus</strong></span> <span class='ocrx_word' id='word_1_186' title='bbox 702 2500 759 2575; x_wconf 82' lang='lat' dir='ltr'><strong>est.</strong></span> <span class='ocrx_word' id='word_1_187' title='bbox 812 2491 875 2553; x_wconf 93' lang='lat' dir='ltr'><strong>hoc</strong></span> <span class='ocrx_word' id='word_1_188' title='bbox 907 2493 1076 2555; x_wconf 91' lang='lat' dir='ltr'><strong>dumtaxat</strong></span> <span class='ocrx_word' id='word_1_189' title='bbox 1108 2489 1240 2554; x_wconf 91' lang='lat' dir='ltr'><strong>Pollioni</strong></span> <span class='ocrx_word' id='word_1_190' title='bbox 1271 2489 1386 2553; x_wconf 86' lang='lat' dir='ltr'><strong>Asinio</strong></span> 
     </span>
     <span class='ocr_line' id='line_1_22' title="bbox 158 2599 1416 2681; baseline -0.002 -19"><span class='ocrx_word' id='word_1_191' title='bbox 158 2600 258 2662; x_wconf 90' lang='lat' dir='ltr'><strong>dixit:</strong></span> <span class='ocrx_word' id='word_1_192' title='bbox 300 2599 552 2681; x_wconf 72' lang='grc' dir='ltr'><strong><em>θηριοτροφεῖς.</em></strong></span> <span class='ocrx_word' id='word_1_193' title='bbox 609 2601 733 2679; x_wconf 89' lang='lat' dir='ltr'><strong>paranti</strong></span> <span class='ocrx_word' id='word_1_194' title='bbox 767 2599 884 2663; x_wconf 91' lang='lat' dir='ltr'><strong>deinde</strong></span> <span class='ocrx_word' id='word_1_195' title='bbox 916 2600 1154 2662; x_wconf 88' lang='lat' dir='ltr'><strong>excusationem</strong></span> <span class='ocrx_word' id='word_1_196' title='bbox 1186 2601 1314 2680; x_wconf 88' lang='lat' dir='ltr'><strong>opstitit</strong></span> <span class='ocrx_word' id='word_1_197' title='bbox 1345 2599 1416 2672; x_wconf 84' lang='lat' dir='ltr'><strong>et,8</strong></span> 
     </span>
     <span class='ocr_line' id='line_1_23' title="bbox 158 2704 1387 2787; baseline -0.002 -19"><span class='ocrx_word' id='word_1_198' title='bbox 158 2705 275 2781; x_wconf 87' lang='lat' dir='ltr'><strong>fruere,</strong></span> <span class='ocrx_word' id='word_1_199' title='bbox 314 2708 429 2787; x_wconf 91' lang='lat' dir='ltr'><strong>inquit,</strong></span> <span class='ocrx_word' id='word_1_200' title='bbox 468 2708 510 2767; x_wconf 94' lang='lat' dir='ltr'><strong>mi</strong></span> <span class='ocrx_word' id='word_1_201' title='bbox 548 2704 665 2780; x_wconf 90' lang='lat' dir='ltr'><strong>Polli0,</strong></span> <span class='ocrx_word' id='word_1_202' title='bbox 703 2705 811 2769; x_wconf 83' lang='lat' dir='ltr'><strong>fruere.</strong></span> <span class='ocrx_word' id='word_1_203' title='bbox 864 2715 898 2768; x_wconf 89' lang='lat' dir='ltr'><strong>et</strong></span> <span class='ocrx_word' id='word_1_204' title='bbox 936 2727 1008 2768; x_wconf 92' lang='lat' dir='ltr'><strong>cum</strong></span> <span class='ocrx_word' id='word_1_205' title='bbox 1047 2704 1148 2768; x_wconf 91' lang='lat' dir='ltr'><strong>Pollio</strong></span> <span class='ocrx_word' id='word_1_206' title='bbox 1187 2707 1325 2781; x_wconf 90' lang='lat' dir='ltr'><strong>diceret,</strong></span> <span class='ocrx_word' id='word_1_207' title='bbox 1363 2707 1387 2767; x_wconf 93' lang='lat' dir='ltr'><strong>si</strong></span> 
     </span>
     <span class='ocr_line' id='line_1_24' title="bbox 137 2811 1388 2895; baseline -0.001 -19"><span class='ocrx_word' id='word_1_208' title='bbox 137 2813 263 2888; x_wconf 51' lang='lat' dir='ltr'><strong>,iubes</strong></span> <span class='ocrx_word' id='word_1_209' title='bbox 296 2811 423 2887; x_wconf 88' lang='lat' dir='ltr'><strong>Caesar,</strong></span> <span class='ocrx_word' id='word_1_210' title='bbox 456 2815 565 2875; x_wconf 91' lang='lat' dir='ltr'><strong>statim</strong></span> <span class='ocrx_word' id='word_1_211' title='bbox 595 2813 636 2875; x_wconf 93' lang='lat' dir='ltr'><strong>illi</strong></span> <span class='ocrx_word' id='word_1_212' title='bbox 660 2815 760 2875; x_wconf 93' lang='lat' dir='ltr'><strong>domo</strong></span> <span class='ocrx_word' id='word_1_213' title='bbox 785 2833 857 2875; x_wconf 90' lang='lat' dir='ltr'><strong>mea</strong></span> <span class='ocrx_word' id='word_1_214' title='bbox 879 2813 1080 2886; x_wconf 89' lang='lat' dir='ltr'><strong>interdicam,</strong></span> <span class='ocrx_word' id='word_1_215' title='bbox 1112 2811 1174 2874; x_wconf 89' lang='lat' dir='ltr'><strong>hoc</strong></span> <span class='ocrx_word' id='word_1_216' title='bbox 1198 2833 1260 2887; x_wconf 90' lang='lat' dir='ltr'><strong>me,</strong></span> <span class='ocrx_word' id='word_1_217' title='bbox 1287 2814 1388 2895; x_wconf 90' lang='lat' dir='ltr'><strong>inquit</strong></span> 
     </span>
     <span class='ocr_line' id='line_1_25' title="bbox 160 2918 1386 3001; baseline 0.002 -20"><span class='ocrx_word' id='word_1_218' title='bbox 160 2930 252 3000; x_wconf 91' lang='lat' dir='ltr'><strong>putas</strong></span> <span class='ocrx_word' id='word_1_219' title='bbox 276 2918 439 2993; x_wconf 82' lang='lat' dir='ltr'><strong>iacturum,</strong></span> <span class='ocrx_word' id='word_1_220' title='bbox 463 2940 535 2981; x_wconf 92' lang='lat' dir='ltr'><strong>cum</strong></span> <span class='ocrx_word' id='word_1_221' title='bbox 558 2939 621 3000; x_wconf 88' lang='lat' dir='ltr'><strong>ego</strong></span> <span class='ocrx_word' id='word_1_222' title='bbox 645 2941 703 2982; x_wconf 90' lang='lat' dir='ltr'><strong>uos</strong></span> <span class='ocrx_word' id='word_1_223' title='bbox 726 2923 757 2983; x_wconf 95' lang='lat' dir='ltr'><strong>in</strong></span> <span class='ocrx_word' id='word_1_224' title='bbox 782 2922 917 3001; x_wconf 85' lang='lat' dir='ltr'><strong>gratiam</strong></span> <span class='ocrx_word' id='word_1_225' title='bbox 941 2921 1140 2982; x_wconf 82' lang='lat' dir='ltr'><strong>reduxerim?</strong></span> <span class='ocrx_word' id='word_1_226' title='bbox 1172 2918 1275 2983; x_wconf 83' lang='lat' dir='ltr'><strong>iuerat</strong></span> <span class='ocrx_word' id='word_1_227' title='bbox 1304 2921 1386 2983; x_wconf 87' lang='lat' dir='ltr'><strong>enim</strong></span> 
     </span>
     <span class='ocr_line' id='line_1_26' title="bbox 120 3024 1387 3113; baseline 0 -24"><span class='ocrx_word' id='word_1_228' title='bbox 120 3042 146 3080; x_wconf 69' lang='lat'><strong>25</strong></span> <span class='ocrx_word' id='word_1_229' title='bbox 160 3028 328 3109; x_wconf 88' lang='lat' dir='ltr'><strong>aliquando</strong></span> <span class='ocrx_word' id='word_1_230' title='bbox 349 3025 515 3107; x_wconf 88' lang='lat' dir='ltr'><strong>Timageni</strong></span> <span class='ocrx_word' id='word_1_231' title='bbox 539 3025 639 3089; x_wconf 92' lang='lat' dir='ltr'><strong>Pollio</strong></span> <span class='ocrx_word' id='word_1_232' title='bbox 663 3029 760 3089; x_wconf 91' lang='lat' dir='ltr'><strong>iratus</strong></span> <span class='ocrx_word' id='word_1_233' title='bbox 782 3048 841 3089; x_wconf 90' lang='lat' dir='ltr'><strong>nec</strong></span> <span class='ocrx_word' id='word_1_234' title='bbox 864 3026 959 3089; x_wconf 93' lang='lat' dir='ltr'><strong>ullam</strong></span> <span class='ocrx_word' id='word_1_235' title='bbox 976 3025 1070 3113; x_wconf 91' lang='lat' dir='ltr'><strong>aliam</strong></span> <span class='ocrx_word' id='word_1_236' title='bbox 1086 3024 1242 3089; x_wconf 90' lang='lat' dir='ltr'><strong>habuerat</strong></span> <span class='ocrx_word' id='word_1_237' title='bbox 1258 3047 1387 3089; x_wconf 89' lang='lat' dir='ltr'><strong>causam</strong></span> 
     </span>
     <span class='ocr_line' id='line_1_27' title="bbox 161 3133 886 3215; baseline 0.001 -19"><span class='ocrx_word' id='word_1_238' title='bbox 161 3135 334 3208; x_wconf 89' lang='lat' dir='ltr'><strong>desinendi,</strong></span> <span class='ocrx_word' id='word_1_239' title='bbox 357 3154 452 3214; x_wconf 90' lang='lat' dir='ltr'><strong>quarn</strong></span> <span class='ocrx_word' id='word_1_240' title='bbox 475 3135 563 3214; x_wconf 94' lang='lat' dir='ltr'><strong>quod</strong></span> <span class='ocrx_word' id='word_1_241' title='bbox 587 3133 705 3196; x_wconf 90' lang='lat' dir='ltr'><strong>Caesar</strong></span> <span class='ocrx_word' id='word_1_242' title='bbox 727 3144 886 3215; x_wconf 90' lang='lat' dir='ltr'><strong>coeperat.</strong></span> 
     </span>
    </p>
   </div>
   <div class='ocr_carea' id='block_1_5' title="bbox 163 3333 1390 3645">
    <p class='ocr_par' dir='ltr' id='par_1_5' title="bbox 482 3333 490 3364">
     <span class='ocr_line' id='line_1_28' title="bbox 482 3333 490 3364; baseline 0 0"><span class='ocrx_word' id='word_1_243' title='bbox 482 3333 490 3364; x_wconf 82' lang='lat' dir='ltr'><strong>r</strong></span> 
     </span>
    </p>

    <p class='ocr_par' dir='ltr' id='par_1_6' title="bbox 163 3381 1390 3645">
     <span class='ocr_line' id='line_1_29' title="bbox 163 3381 1264 3465; baseline -0.002 -15"><span class='ocrx_word' id='word_1_244' title='bbox 163 3382 269 3450; x_wconf 82' lang='lat' dir='ltr'><strong>3salus1</strong></span> <span class='ocrx_word' id='word_1_245' title='bbox 290 3398 366 3465; x_wconf 82' lang='lat' dir='ltr'><strong>(ras.)</strong></span> <span class='ocrx_word' id='word_1_246' title='bbox 463 3381 497 3450; x_wconf 82' lang='lat' dir='ltr'><strong>ad</strong></span> <span class='ocrx_word' id='word_1_247' title='bbox 598 3396 757 3463; x_wconf 76' lang='lat' dir='ltr'><strong>Tlmagines</strong></span> <span class='ocrx_word' id='word_1_248' title='bbox 775 3396 818 3451; x_wconf 78' lang='lat' dir='ltr'><strong>liic</strong></span> <span class='ocrx_word' id='word_1_249' title='bbox 836 3403 862 3451; x_wconf 83' lang='lat' dir='ltr'><strong>ei</strong></span> <span class='ocrx_word' id='word_1_250' title='bbox 880 3414 906 3450; x_wconf 83' lang='lat' dir='ltr'><strong>n.</strong></span> <span class='ocrx_word' id='word_1_251' title='bbox 928 3401 957 3450; x_wconf 86' lang='lat' dir='ltr'><strong>tt</strong></span> <span class='ocrx_word' id='word_1_252' title='bbox 978 3396 1029 3451; x_wconf 84' lang='lat' dir='ltr'><strong>sed</strong></span> <span class='ocrx_word' id='word_1_253' title='bbox 1046 3414 1072 3454; x_wconf 83' lang='lat' dir='ltr'><strong>tt.</strong></span> <span class='ocrx_word' id='word_1_254' title='bbox 1093 3401 1125 3450; x_wconf 76' lang='lat'><strong>25</strong></span> <span class='ocrx_word' id='word_1_255' title='bbox 1146 3399 1264 3464; x_wconf 81' lang='lat' dir='ltr'><strong>timageni</strong></span> 
     </span>
     <span class='ocr_line' id='line_1_30' title="bbox 163 3485 1389 3556; baseline -0.002 -18"><span class='ocrx_word' id='word_1_256' title='bbox 163 3486 223 3538; x_wconf 84' lang='lat' dir='ltr'><strong>9iu</strong></span> <span class='ocrx_word' id='word_1_257' title='bbox 242 3504 285 3536; x_wconf 89' lang='lat' dir='ltr'><strong>ore</strong></span> <span class='ocrx_word' id='word_1_258' title='bbox 304 3488 377 3556; x_wconf 83' lang='lat' dir='ltr'><strong>(post</strong></span> <span class='ocrx_word' id='word_1_259' title='bbox 394 3489 418 3536; x_wconf 91' lang='lat' dir='ltr'><strong>in</strong></span> <span class='ocrx_word' id='word_1_260' title='bbox 438 3501 495 3539; x_wconf 81' lang='lat' dir='ltr'><strong>ras.</strong></span> <span class='ocrx_word' id='word_1_261' title='bbox 512 3485 568 3553; x_wconf 79' lang='lat' dir='ltr'><strong>snit</strong></span> <span class='ocrx_word' id='word_1_262' title='bbox 587 3486 612 3552; x_wconf 94' lang='lat' dir='ltr'><strong>n)</strong></span> <span class='ocrx_word' id='word_1_263' title='bbox 698 3485 751 3538; x_wconf 84' lang='lat'><strong>·10</strong></span> <span class='ocrx_word' id='word_1_264' title='bbox 770 3503 838 3536; x_wconf 89' lang='lat' dir='ltr'><strong>cesar</strong></span> <span class='ocrx_word' id='word_1_265' title='bbox 941 3487 972 3538; x_wconf 77' lang='lat' dir='ltr'><strong>‘ll</strong></span> <span class='ocrx_word' id='word_1_266' title='bbox 993 3489 1069 3537; x_wconf 91' lang='lat' dir='ltr'><strong>domu</strong></span> <span class='ocrx_word' id='word_1_267' title='bbox 1171 3485 1204 3540; x_wconf 87' lang='lat'><strong>13</strong></span> <span class='ocrx_word' id='word_1_268' title='bbox 1224 3488 1335 3553; x_wconf 87' lang='lat' dir='ltr'><strong>direptus</strong></span> <span class='ocrx_word' id='word_1_269' title='bbox 1354 3494 1389 3538; x_wconf 87' lang='lat' dir='ltr'><strong>est</strong></span> 
     </span>
     <span class='ocr_line' id='line_1_31' title="bbox 164 3571 1390 3645; baseline 0.001 -16"><span class='ocrx_word' id='word_1_270' title='bbox 164 3574 199 3629; x_wconf 85' lang='lat' dir='ltr'><strong>de</strong></span> <span class='ocrx_word' id='word_1_271' title='bbox 217 3573 270 3629; x_wconf 80' lang='lat' dir='ltr'><strong>iac</strong></span> <span class='ocrx_word' id='word_1_272' title='bbox 288 3591 356 3628; x_wconf 79' lang='lat' dir='ltr'><strong>noce</strong></span> <span class='ocrx_word' id='word_1_273' title='bbox 375 3572 411 3644; x_wconf 80' lang='lat' dir='ltr'><strong>es.</strong></span> <span class='ocrx_word' id='word_1_274' title='bbox 433 3572 494 3628; x_wconf 85' lang='lat' dir='ltr'><strong>Otto</strong></span> <span class='ocrx_word' id='word_1_275' title='bbox 512 3573 582 3628; x_wconf 83' lang='lat' dir='ltr'><strong>Inlin</strong></span> <span class='ocrx_word' id='word_1_276' title='bbox 599 3573 705 3645; x_wconf 73' lang='lat' dir='ltr'><strong>proieq.</strong></span> <span class='ocrx_word' id='word_1_277' title='bbox 725 3574 763 3628; x_wconf 85' lang='lat' dir='ltr'><strong>ad</strong></span> <span class='ocrx_word' id='word_1_278' title='bbox 780 3571 859 3628; x_wconf 80' lang='lat' dir='ltr'><strong>Pers.</strong></span> <span class='ocrx_word' id='word_1_279' title='bbox 874 3589 904 3643; x_wconf 80' lang='lat' dir='ltr'><strong>p.</strong></span> <span class='ocrx_word' id='word_1_280' title='bbox 924 3572 1023 3628; x_wconf 84' lang='lat' dir='ltr'><em>XLIX</em></span> <span class='ocrx_word' id='word_1_281' title='bbox 1036 3572 1110 3639; x_wconf 84' lang='lat' dir='ltr'><strong>adn,</strong></span> <span class='ocrx_word' id='word_1_282' title='bbox 1133 3574 1232 3628; x_wconf 81' lang='lat' dir='ltr'><strong>iterum</strong></span> <span class='ocrx_word' id='word_1_283' title='bbox 1250 3574 1390 3630; x_wconf 80' lang='lat' dir='ltr'><strong>inuenitur</strong></span> 
     </span>
    </p>
   </div>
   <div class='ocr_carea' id='block_1_6' title="bbox 152 3654 1390 3745">
    <p class='ocr_par' dir='ltr' id='par_1_7' title="bbox 152 3654 1390 3745">
     <span class='ocr_line' id='line_1_32' title="bbox 152 3654 1390 3745; baseline 0.002 -28"><span class='ocrx_word' id='word_1_284' title='bbox 152 3663 198 3718; x_wconf 84' lang='lat' dir='ltr'><strong>&#39;de</strong></span> <span class='ocrx_word' id='word_1_285' title='bbox 217 3665 291 3720; x_wconf 82' lang='lat' dir='ltr'><strong>bren.</strong></span> <span class='ocrx_word' id='word_1_286' title='bbox 309 3665 356 3718; x_wconf 84' lang='lat' dir='ltr'><strong>nit.</strong></span> <span class='ocrx_word' id='word_1_287' title='bbox 372 3666 431 3731; x_wconf 80' lang='lat' dir='ltr'><strong>t,8</strong></span> <span class='ocrx_word' id='word_1_288' title='bbox 466 3654 472 3668; x_wconf 88' lang='lat'><em>&#39;</em></span> <span class='ocrx_word' id='word_1_289' title='bbox 504 3665 602 3714; x_wconf 86' lang='lat' dir='ltr'><strong>abstulit</strong></span> <span class='ocrx_word' id='word_1_290' title='bbox 621 3664 647 3730; x_wconf 87' lang='lat' dir='ltr'><strong>(b</strong></span> <span class='ocrx_word' id='word_1_291' title='bbox 667 3678 739 3719; x_wconf 84' lang='lat' dir='ltr'><strong>corr.</strong></span> <span class='ocrx_word' id='word_1_292' title='bbox 755 3679 797 3718; x_wconf 77' lang='lat' dir='ltr'><strong>ex</strong></span> <span class='ocrx_word' id='word_1_293' title='bbox 816 3665 842 3730; x_wconf 88' lang='lat' dir='ltr'><strong>p)</strong></span> <span class='ocrx_word' id='word_1_294' title='bbox 916 3663 949 3715; x_wconf 80' lang='grc'><strong>14</strong></span> <span class='ocrx_word' id='word_1_295' title='bbox 969 3670 993 3714; x_wconf 89' lang='lat' dir='ltr'><strong>et</strong></span> <span class='ocrx_word' id='word_1_296' title='bbox 1011 3665 1144 3714; x_wconf 86' lang='lat' dir='ltr'><strong>combussit</strong></span> <span class='ocrx_word' id='word_1_297' title='bbox 1157 3663 1390 3745; x_wconf 68' lang='lat' dir='ltr'><strong>indneitMadniq</strong></span> 
     </span>
    </p>
   </div>
   <div class='ocr_carea' id='block_1_7' title="bbox 268 3752 1391 3876">
    <p class='ocr_par' dir='ltr' id='par_1_8' title="bbox 268 3752 1391 3876">
     <span class='ocr_line' id='line_1_33' title="bbox 451 3752 1215 3785; baseline -0.001 0"><span class='ocrx_word' id='word_1_298' title='bbox 451 3752 476 3785; x_wconf 89' lang='lat' dir='ltr'><strong>es</strong></span> <span class='ocrx_word' id='word_1_299' title='bbox 1212 3779 1215 3784; x_wconf 88' lang='lat'><strong>.</strong></span> 
     </span>
     <span class='ocr_line' id='line_1_34' title="bbox 268 3753 1391 3876; baseline -0.001 -17"><span class='ocrx_word' id='word_1_300' title='bbox 268 3807 298 3859; x_wconf 77' lang='lat' dir='ltr'><strong>lb</strong></span> <span class='ocrx_word' id='word_1_301' title='bbox 318 3753 463 3856; x_wconf 58' lang='lat' dir='ltr'><strong>contineniis</strong></span> <span class='ocrx_word' id='word_1_302' title='bbox 483 3807 633 3876; x_wconf 80' lang='lat' dir='ltr'><strong>(suprascr.</strong></span> <span class='ocrx_word' id='word_1_303' title='bbox 654 3823 688 3863; x_wconf 85' lang='lat' dir='ltr'><strong>m.</strong></span> <span class='ocrx_word' id='word_1_304' title='bbox 708 3807 776 3872; x_wconf 82' lang='lat' dir='ltr'><strong>rec.)</strong></span> <span class='ocrx_word' id='word_1_305' title='bbox 878 3808 903 3856; x_wconf 91' lang='lat' dir='ltr'><strong>in</strong></span> <span class='ocrx_word' id='word_1_306' title='bbox 922 3807 1005 3872; x_wconf 88' lang='lat' dir='ltr'><strong>ignem</strong></span> <span class='ocrx_word' id='word_1_307' title='bbox 1024 3807 1131 3872; x_wconf 84' lang='lat' dir='ltr'><strong>inposuit</strong></span> <span class='ocrx_word' id='word_1_308' title='bbox 1148 3804 1241 3860; x_wconf 75' lang='lat' dir='ltr'><strong>Koch:</strong></span> <span class='ocrx_word' id='word_1_309' title='bbox 1262 3808 1288 3858; x_wconf 91' lang='lat' dir='ltr'><strong>in</strong></span> <span class='ocrx_word' id='word_1_310' title='bbox 1306 3809 1391 3874; x_wconf 81' lang='lat' dir='ltr'><strong>ignem</strong></span> 
     </span>
    </p>
   </div>
   <div class='ocr_carea' id='block_1_8' title="bbox 164 3893 1395 4056">
    <p class='ocr_par' dir='ltr' id='par_1_9' title="bbox 164 3893 1395 4056">
     <span class='ocr_line' id='line_1_35' title="bbox 164 3893 1395 3967; baseline 0.003 -22"><span class='ocrx_word' id='word_1_311' title='bbox 164 3898 246 3962; x_wconf 83' lang='lat' dir='ltr'><strong>posuit</strong></span> <span class='ocrx_word' id='word_1_312' title='bbox 265 3894 324 3949; x_wconf 86' lang='lat' dir='ltr'><strong>cod.</strong></span> <span class='ocrx_word' id='word_1_313' title='bbox 346 3894 476 3950; x_wconf 79' lang='lat' dir='ltr'><strong>Similiter</strong></span> <span class='ocrx_word' id='word_1_314' title='bbox 496 3894 556 3948; x_wconf 86' lang='lat' dir='ltr'><strong>Ter.</strong></span> <span class='ocrx_word' id='word_1_315' title='bbox 576 3893 662 3952; x_wconf 83' lang='lat' dir='ltr'><strong>Andr.</strong></span> <span class='ocrx_word' id='word_1_316' title='bbox 685 3900 707 3958; x_wconf 90' lang='lat' dir='ltr'><strong>l,</strong></span> <span class='ocrx_word' id='word_1_317' title='bbox 731 3900 751 3959; x_wconf 91' lang='grc'><strong>1,</strong></span> <span class='ocrx_word' id='word_1_318' title='bbox 776 3898 822 3948; x_wconf 81' lang='lat'><strong>102</strong></span> <span class='ocrx_word' id='word_1_319' title='bbox 848 3897 873 3944; x_wconf 88' lang='lat' dir='ltr'><strong>in</strong></span> <span class='ocrx_word' id='word_1_320' title='bbox 898 3897 980 3960; x_wconf 84' lang='lat' dir='ltr'><strong>ignem</strong></span> <span class='ocrx_word' id='word_1_321' title='bbox 1006 3897 1134 3962; x_wconf 85' lang='lat' dir='ltr'><strong>inpositast</strong></span> <span class='ocrx_word' id='word_1_322' title='bbox 1158 3893 1234 3950; x_wconf 86' lang='lat' dir='ltr'><strong>BCD</strong></span> <span class='ocrx_word' id='word_1_323' title='bbox 1252 3895 1395 3967; x_wconf 79' lang='lat' dir='ltr'><strong>praebent</strong></span> 
     </span>
     <span class='ocr_line' id='line_1_36' title="bbox 164 3982 1392 4056; baseline -0.001 -20"><span class='ocrx_word' id='word_1_324' title='bbox 164 3987 245 4051; x_wconf 85' lang='lat' dir='ltr'><strong>posita</strong></span> <span class='ocrx_word' id='word_1_325' title='bbox 265 3991 314 4040; x_wconf 79' lang='lat' dir='ltr'><strong>est:</strong></span> <span class='ocrx_word' id='word_1_326' title='bbox 337 3982 442 4038; x_wconf 82' lang='lat' dir='ltr'><strong>Seneca</strong></span> <span class='ocrx_word' id='word_1_327' title='bbox 460 3984 517 4054; x_wconf 79' lang='lat' dir='ltr'><strong>r&#39;pse</strong></span> <span class='ocrx_word' id='word_1_328' title='bbox 536 3983 570 4038; x_wconf 87' lang='lat' dir='ltr'><strong>de</strong></span> <span class='ocrx_word' id='word_1_329' title='bbox 588 3984 664 4041; x_wconf 85' lang='lat' dir='ltr'><strong>elem.</strong></span> <span class='ocrx_word' id='word_1_330' title='bbox 684 3987 706 4048; x_wconf 79' lang='lat'><strong>2,</strong></span> <span class='ocrx_word' id='word_1_331' title='bbox 720 3986 774 4051; x_wconf 79' lang='lat'><strong>4‚2</strong></span> <span class='ocrx_word' id='word_1_332' title='bbox 794 3983 833 4038; x_wconf 81' lang='lat' dir='ltr'><strong>nd</strong></span> <span class='ocrx_word' id='word_1_333' title='bbox 853 3983 962 4038; x_wconf 80' lang='lat' dir='ltr'><strong>Terenti</strong></span> <span class='ocrx_word' id='word_1_334' title='bbox 978 3983 1133 4056; x_wconf 75' lang='lat' dir='ltr'><strong>exemplum</strong></span> <span class='ocrx_word' id='word_1_335' title='bbox 1152 3983 1241 4038; x_wconf 65' lang='lat' dir='ltr'><strong>deicit:</strong></span> <span class='ocrx_word' id='word_1_336' title='bbox 1262 3987 1288 4034; x_wconf 88' lang='lat' dir='ltr'><strong>in</strong></span> <span class='ocrx_word' id='word_1_337' title='bbox 1307 3987 1392 4052; x_wconf 84' lang='lat' dir='ltr'><strong>ignem</strong></span> 
     </span>
    </p>
   </div>
   <div class='ocr_carea' id='block_1_9' title="bbox 164 4070 1394 4358">
    <p class='ocr_par' dir='ltr' id='par_1_10' title="bbox 164 4070 1394 4358">
     <span class='ocr_line' id='line_1_37' title="bbox 164 4070 1393 4152; baseline 0.005 -28"><span class='ocrx_word' id='word_1_338' title='bbox 164 4076 234 4124; x_wconf 90' lang='lat' dir='ltr'><strong>uiuos</strong></span> <span class='ocrx_word' id='word_1_339' title='bbox 257 4075 389 4139; x_wconf 87' lang='lat' dir='ltr'><strong>inponunt,</strong></span> <span class='ocrx_word' id='word_1_340' title='bbox 415 4088 502 4142; x_wconf 81' lang='lat' dir='ltr'><strong>neque</strong></span> <span class='ocrx_word' id='word_1_341' title='bbox 521 4070 714 4138; x_wconf 81' lang='lat' dir='ltr'><strong>dubitandum,</strong></span> <span class='ocrx_word' id='word_1_342' title='bbox 738 4072 803 4142; x_wconf 79' lang='lat' dir='ltr'><strong>quin</strong></span> <span class='ocrx_word' id='word_1_343' title='bbox 828 4072 880 4127; x_wconf 80' lang='lat' dir='ltr'><strong>ine</strong></span> <span class='ocrx_word' id='word_1_344' title='bbox 904 4071 964 4127; x_wconf 84' lang='lat' dir='ltr'><strong>loeo</strong></span> <span class='ocrx_word' id='word_1_345' title='bbox 989 4079 1015 4127; x_wconf 86' lang='lat' dir='ltr'><strong>et</strong></span> <span class='ocrx_word' id='word_1_346' title='bbox 1039 4073 1078 4128; x_wconf 83' lang='lat' dir='ltr'><strong>aii</strong></span> <span class='ocrx_word' id='word_1_347' title='bbox 1090 4070 1189 4152; x_wconf 33' lang='lat' dir='ltr'><strong>&#39;Mera</strong></span> <span class='ocrx_word' id='word_1_348' title='bbox 1217 4077 1293 4141; x_wconf 69' lang='lat'><strong>¹⁷2⁷</strong></span> <span class='ocrx_word' id='word_1_349' title='bbox 1321 4074 1393 4130; x_wconf 81' lang='lat' dir='ltr'><strong>idem</strong></span> 
     </span>
     <span class='ocr_line' id='line_1_38' title="bbox 165 4156 1394 4268; baseline -0.002 -16"><span class='ocrx_word' id='word_1_350' title='bbox 165 4196 368 4252; x_wconf 80' lang='lat' dir='ltr'><strong>restituendum</strong></span> <span class='ocrx_word' id='word_1_351' title='bbox 379 4197 415 4251; x_wconf 80' lang='lat' dir='ltr'><strong>rit</strong></span> <span class='ocrx_word' id='word_1_352' title='bbox 422 4216 429 4256; x_wconf 89' lang='lat'>;</span> <span class='ocrx_word' id='word_1_353' title='bbox 452 4194 567 4268; x_wconf 73' lang='lat' dir='ltr'><strong>Madniq</strong></span> <span class='ocrx_word' id='word_1_354' title='bbox 580 4196 674 4250; x_wconf 80' lang='lat' dir='ltr'><strong>maluit</strong></span> <span class='ocrx_word' id='word_1_355' title='bbox 692 4200 716 4247; x_wconf 89' lang='lat' dir='ltr'><strong>in</strong></span> <span class='ocrx_word' id='word_1_356' title='bbox 729 4198 786 4263; x_wconf 85' lang='lat' dir='ltr'><strong>igne</strong></span> <span class='ocrx_word' id='word_1_357' title='bbox 804 4200 886 4263; x_wconf 88' lang='lat' dir='ltr'><strong>posuit</strong></span> <span class='ocrx_word' id='word_1_358' title='bbox 960 4197 991 4250; x_wconf 82' lang='lat'><strong>17</strong></span> <span class='ocrx_word' id='word_1_359' title='bbox 1011 4156 1151 4264; x_wconf 67' lang='lat' dir='ltr'><strong>tuguriiim</strong></span> <span class='ocrx_word' id='word_1_360' title='bbox 1224 4196 1259 4252; x_wconf 83' lang='lat'><strong>19</strong></span> <span class='ocrx_word' id='word_1_361' title='bbox 1279 4201 1394 4252; x_wconf 84' lang='lat' dir='ltr'><strong>attulerat</strong></span> 
     </span>
     <span class='ocr_line' id='line_1_39' title="bbox 166 4285 1393 4358; baseline 0.005 -20"><span class='ocrx_word' id='word_1_362' title='bbox 166 4287 256 4356; x_wconf 76' lang='lat' dir='ltr'><strong>(prior</strong></span> <span class='ocrx_word' id='word_1_363' title='bbox 274 4295 283 4337; x_wconf 87' lang='lat' dir='ltr'><strong>t</strong></span> <span class='ocrx_word' id='word_1_364' title='bbox 302 4288 384 4354; x_wconf 78' lang='lat' dir='ltr'><strong>corr.)</strong></span> <span class='ocrx_word' id='word_1_365' title='bbox 477 4285 510 4340; x_wconf 78' lang='lat'><strong>20</strong></span> <span class='ocrx_word' id='word_1_366' title='bbox 529 4295 625 4352; x_wconf 73' lang='lat' dir='ltr'><strong>questus</strong></span> <span class='ocrx_word' id='word_1_367' title='bbox 715 4286 748 4339; x_wconf 85' lang='lat'><strong>21</strong></span> <span class='ocrx_word' id='word_1_368' title='bbox 768 4288 887 4337; x_wconf 88' lang='lat' dir='ltr'><strong>theriotro</strong></span> <span class='ocrx_word' id='word_1_369' title='bbox 907 4288 963 4352; x_wconf 89' lang='lat' dir='ltr'><strong>phis</strong></span> <span class='ocrx_word' id='word_1_370' title='bbox 1053 4289 1147 4338; x_wconf 87' lang='lat' dir='ltr'><strong>obstitit</strong></span> <span class='ocrx_word' id='word_1_371' title='bbox 1167 4288 1193 4352; x_wconf 84' lang='lat' dir='ltr'><strong>(b</strong></span> <span class='ocrx_word' id='word_1_372' title='bbox 1213 4302 1252 4342; x_wconf 76' lang='lat' dir='ltr'><strong>ex</strong></span> <span class='ocrx_word' id='word_1_373' title='bbox 1271 4306 1288 4355; x_wconf 91' lang='lat' dir='ltr'><strong>p</strong></span> <span class='ocrx_word' id='word_1_374' title='bbox 1308 4291 1393 4358; x_wconf 78' lang='lat' dir='ltr'><strong>corr.)</strong></span> 
     </span>
    </p>
   </div>
   <div class='ocr_carea' id='block_1_10' title="bbox 238 4375 878 4499">
    <p class='ocr_par' dir='ltr' id='par_1_11' title="bbox 238 4375 878 4499">
     <span class='ocr_line' id='line_1_40' title="bbox 238 4375 878 4499; baseline -0.005 -17"><span class='ocrx_word' id='word_1_375' title='bbox 238 4429 272 4482; x_wconf 85' lang='lat'><strong>22</strong></span> <span class='ocrx_word' id='word_1_376' title='bbox 282 4375 391 4481; x_wconf 57' lang='lat' dir='ltr'><strong>cieiirhihe</strong></span> <span class='ocrx_word' id='word_1_377' title='bbox 402 4431 554 4499; x_wconf 79' lang='lat' dir='ltr'><strong>(suprascr.</strong></span> <span class='ocrx_word' id='word_1_378' title='bbox 573 4445 606 4480; x_wconf 87' lang='lat' dir='ltr'><strong>m.</strong></span> <span class='ocrx_word' id='word_1_379' title='bbox 626 4431 653 4493; x_wconf 80' lang='lat'><strong>4)</strong></span> <span class='ocrx_word' id='word_1_380' title='bbox 726 4428 760 4481; x_wconf 84' lang='lat'><strong>26</strong></span> <span class='ocrx_word' id='word_1_381' title='bbox 780 4438 878 4495; x_wconf 72' lang='lat' dir='ltr'><strong>ceperat</strong></span> 
     </span>
    </p>
   </div>
   <div class='ocr_carea' id='block_1_11' title="bbox 0 0 1546 5092">
    <p class='ocr_par' dir='ltr' id='par_1_12' title="bbox 0 0 1546 5092">
     <span class='ocr_line' id='line_1_41' title="bbox 0 0 1546 5092; baseline 0 0"><span class='ocrx_word' id='word_1_382' title='bbox 0 0 1546 5092; x_wconf 95' lang='lat' dir='ltr'><strong> </strong></span> 
     </span>
    </p>
   </div>
  </div>
 </body>
</html>
