3046 5092
368 316 446 363 uini.
461 315 490 361 K
519 319 561 360 AD
576 317 731 359 anuiuvu
746 316 787 359 DE
801 317 971 361 uuuvrrm
984 317 1082 363 VITAE.
1105 321 1126 362 2.
1141 321 1161 363 3.
1311 323 1373 390 223

152 474 257 527 torum
290 464 480 557 eloquentia!
501 464 661 526 cotidiano
693 463 874 526 ostentandi
905 464 1019 544 ingenii
1051 465 1158 527 studio
1188 469 1374 547 sanguinem

152 571 278 632 educit?
310 591 406 650 quam
438 569 528 632 multi
559 569 712 631 continuis
740 566 956 650 uoluptatibus
978 568 1117 651 pallent?
1148 590 1244 651 quarn
1269 573 1374 635 multis

151 674 226 739 nihil
249 674 339 739 liberi
362 675 508 758 relinquit
531 673 733 737 circumfusus
757 673 913 737 clientium
934 675 1090 757 populus?
1115 677 1217 737 omnis
1239 679 1374 759 denique

151 783 228 845 istos
251 781 294 844 ab
318 781 431 844 infimis
455 784 618 863 usquead
642 801 786 843 summos
801 800 946 861 pererra:
973 780 1023 843 hic
1039 784 1184 857 aduocat,
1208 783 1258 845 hic
1273 786 1372 848 adest.

150 888 198 951 ‘ile
213 887 416 970 periclitatur,
433 889 483 950 ille
499 888 649 996 defendit,
665 887 715 949 ille
732 888 852 949 iudicat,
885 907 981 950 nemo
997 909 1032 950 se
1047 889 1105 950 sibi
1121 890 1265 952 uindicat.
1297 891 1372 953 alius
1388 909 1400 946 5

150 996 179 1056 in
193 994 291 1057 alium
308 996 508 1064 consumitur.
544 998 705 1075 interroga
721 995 762 1055 de
777 995 850 1068 istis,
875 1015 1010 1075 quorum
1026 996 1155 1056 nomina
1171 997 1370 1060 ediscuntur:

149 1100 195 1162 his
210 1100 283 1163 illos
299 1102 443 1181 dignosci
458 1099 580 1163 uidebis
595 1103 697 1163 notis:
723 1098 774 1161 ille
796 1098 874 1191 illius
898 1099 1000 1162 cultor
1023 1110 1080 1176 est,
1103 1100 1154 1163 hic
1176 1100 1264 1164 illius.
1299 1125 1373 1165 suus

96 1265 101 1276 .
122 1223 246 1274 inemo
270 1216 328 1270 est
359 1208 476 1269 deinde
491 1209 730 1270 dementissima
745 1206 944 1287 quorundam
960 1207 1135 1288 indignatio
1151 1219 1205 1271 est.
1239 1231 1371 1292 querun-

149 1322 198 1376 tur
221 1312 265 1375 de
287 1315 484 1394 superiorum
507 1312 648 1388 fastidio,
672 1312 758 1394 quod
782 1313 857 1392 ipsis
880 1313 969 1374 adire
991 1312 1171 1376 uolentibus
1193 1336 1258 1377 non
1281 1337 1372 1379 uaca-

149 1421 271 1482 uerint:
305 1420 402 1482 audet
432 1421 598 1501 quisquam
629 1420 670 1481 de
693 1417 819 1481 alterius
841 1417 989 1500 superbia
1012 1420 1115 1500 queri,
1147 1423 1200 1502 qui
1222 1423 1282 1485 sibi
1305 1425 1373 1504 ipse
1390 1436 1413 1476 ¹⁰

147 1545 323 1606 numquam
353 1529 465 1588 uacat?
501 1524 552 1588 ille
582 1534 690 1588 tamen
720 1533 769 1597 te,
800 1526 939 1605 quisquis
970 1533 1034 1599 est,
1069 1523 1215 1589 insolenti
1245 1526 1372 1609 quidem

148 1629 246 1705 uoltu,
270 1631 329 1692 sed
351 1630 521 1711 aliquando
544 1632 693 1712 respexit.
725 1628 775 1690 ille
798 1649 889 1690 aures
911 1649 983 1691 suas
999 1631 1040 1692 ad
1056 1640 1110 1693 tua
1126 1631 1224 1694 uerba
1238 1633 1372 1696 demisit

146 1734 196 1798 ille
220 1746 255 1799 te
278 1738 321 1798 ad
344 1734 426 1800 latus
448 1758 539 1799 suum
563 1739 700 1816 recepit:
735 1745 768 1798 tu
792 1755 856 1796 non
880 1736 1032 1816 inspicere
1055 1746 1088 1798 te
1111 1758 1276 1818 umquam,
1307 1760 1372 1800 non

146 1844 257 1905 audire
289 1844 437 1923 dignatus
468 1863 509 1907 es.
556 1864 620 1904 non
652 1852 700 1904 est
730 1843 851 1922 itaque,
884 1843 972 1922 quod
1002 1845 1063 1906 ista
1093 1842 1197 1905 officia
1227 1845 1371 1926 cuiquam

145 1952 288 2031 inputeS,
319 1952 468 2030 quoniam
500 1950 644 2030 quidem,
676 1969 747 2010 cum
778 1947 829 2010 illa
860 1947 995 2022 sacereS,
1026 1970 1090 2011 non
1121 1970 1190 2011 esse
1213 1971 1285 2012 cum
1309 1950 1371 2013 alio
1388 1966 1411 2004 ¹⁵

146 2054 289 2130 uolebas,
312 2057 370 2117 sed
393 2065 499 2118 tecum
523 2075 593 2118 esse
616 2076 680 2116 non
703 2063 840 2135 poteras.

115 2177 125 2226 i
234 2161 288 2224 IIL
337 2160 454 2224 Omnia
483 2161 571 2239 licet,
602 2181 683 2243 quae
714 2181 865 2241 umquam
896 2163 1021 2243 ingenia
1052 2161 1218 2236 fulserunt,
1247 2166 1278 2225 in
1309 2162 1371 2224 hoc

145 2289 242 2331 unum
267 2267 479 2344 consentiant,
508 2288 681 2348 numquam
705 2269 782 2329 satis
805 2266 886 2328 hanc
909 2259 1117 2330 humanarum
1143 2272 1295 2331 mentium
1319 2290 1369 2331 ca-

145 2374 274 2457 liginem
299 2375 512 2437 mirabuntur:
546 2373 675 2457 praedia
697 2394 752 2435 sua
775 2376 922 2454 occupari
946 2395 965 2436 a
988 2372 1073 2435 nullo
1097 2378 1258 2456 patiuntur
1281 2386 1322 2450 et,
1346 2377 1371 2438 si

136 2485 265 2562 exigua
295 2482 458 2544 contentio
490 2491 539 2544 est
568 2483 610 2543 de
641 2481 741 2542 modo
772 2479 897 2555 finium,
927 2481 968 2541 ad
996 2479 1117 2562 lapides
1140 2490 1173 2543 et
1196 2502 1285 2544 arma
1308 2484 1369 2545 dis·
1385 2497 1410 2535 ²0

144 2596 295 2652 currunt:
326 2588 357 2658 in
389 2591 486 2651 uitam
518 2608 607 2655 suam
638 2586 783 2649 incedere
813 2586 891 2649 alios
921 2589 1042 2661 sinunt,
1075 2590 1174 2649 immo
1206 2608 1282 2649 uero
1312 2592 1371 2670 ipsi

145 2697 244 2758 etiam
282 2713 482 2774 possessores
521 2697 586 2756 eius
624 2693 744 2755 futuros
775 2694 935 2755 inducunt.
982 2713 1077 2754 nemo
1108 2696 1279 2770 inuenitur,
1317 2694 1370 2777 qui

144 2802 313 2884 pecuniam
344 2820 434 2863 suam
465 2802 607 2863 diuidere
638 2799 730 2861 uelit:
765 2802 861 2862 uitam
893 2802 1105 2881 unusquisque
1136 2821 1232 2881 quam
1264 2801 1369 2863 multis

145 2906 325 2971 distribuit?
364 2908 505 2970 adstricti
541 2916 615 2969 sunt
653 2907 684 2967 in
722 2907 914 2969 continendo
953 2907 1164 2988 patrimonio:
1206 2908 1297 2969 simul
1329 2907 1369 2968 ad

144 3016 301 3077 iacturam
324 3017 478 3095 temporis
502 3022 632 3076 uentum
656 3021 714 3087 est,
736 3011 940 3094 profusissimi
964 3014 995 3073 in
1018 3033 1067 3088 eo,
1091 3014 1177 3099 cuius
1201 3015 1288 3075 unius
1312 3014 1368 3075 ho·
1384 3029 1409 3068 ²5

110 3133 126 3186 2
144 3130 238 3183 nesta
259 3120 390 3182 auaritia
413 3130 470 3184 est
516 3119 594 3183 libet
616 3121 724 3200 itaque
746 3139 788 3180 ex
812 3121 970 3180 seniorum
994 3119 1087 3181 turba
1110 3120 1368 3200 conprehendere

144 3226 301 3308 aliquem:
344 3227 522 3309 peruenisse
553 3235 586 3288 te
617 3226 658 3288 ad
689 3225 834 3287 ultimum
866 3225 1035 3286 terminum
1068 3228 1179 3288 aetatis
1212 3226 1369 3288 humanae

145 3334 301 3395 uidemus.
347 3334 536 3403 centesimus
559 3332 616 3394 tibi
639 3330 689 3394 uel
712 3352 807 3413 supra
828 3332 982 3414 premitur
1004 3351 1122 3393 annus:
1149 3333 1303 3412 agedum,
1328 3334 1369 3394 ad

102 3593 337 3662 '1eloquentias
427 3598 576 3646 cotidianos
665 3596 746 3645 studio
760 3580 884 3665 lipsius:
905 3599 986 3661 spatio
1059 3596 1187 3661 4pererra
1200 3595 1263 3649 olim
1278 3611 1367 3649 corn:

143 3692 235 3751 perrat.
328 3684 344 3737 5
370 3685 430 3734 alius
449 3682 613 3739 deteriores:
640 3687 698 3734 aliut
718 3687 736 3749 (t
754 3684 782 3736 in
801 3687 817 3734 d
836 3686 921 3750 corr.)
1012 3684 1028 3737 6
1053 3686 1201 3742 consumitur
1220 3684 1289 3748 cod„
1308 3686 1370 3738 item

144 3771 229 3843 Neap.
249 3774 416 3823 consumimur
434 3770 546 3827 Idclrert
564 3779 590 3826 et
608 3771 702 3826 Haase
720 3779 749 3825 ut
767 3789 806 3826 err
824 3771 918 3826 codice
936 3787 996 3825 cum
1017 3771 1124 3826 Murrio
1232 3774 1248 3827 7
1274 3775 1370 3823 dinosci

233 3863 265 3914 11
292 3865 392 3927 nunquit
501 3862 533 3914 12
559 3863 635 3912 uultu·
733 3862 765 3914 14
784 3864 898 3926 cuiquam
917 3859 1016 3932 uulgo:
1037 3864 1106 3928 qqut‘t
1214 3862 1247 3914 15
1267 3865 1370 3926 imputes

231 3957 266 4002 cu
285 3951 336 3999 aiio
356 3949 480 4018 (iuras.)
499 3948 649 4013 cotidiene
671 3947 840 4008 Grurrouius3
861 3968 917 4001 cum
936 3953 1019 4016 aliquo
1038 3948 1121 4021 uulqo
1229 3950 1263 4003 17
1287 3953 1370 4015 unque
1423 3939 1425 3945 ¹

231 4076 329 4124 inhoc*
421 4072 571 4141 18-nunqu5
661 4039 791 4134 humanari
882 4075 914 4127 19
934 4077 1020 4140 predia
1110 4073 1142 4126 21
1163 4076 1276 4123 incedere
1295 4074 1369 4141 (ante

145 4233 160 4281 d
178 4229 286 4302 aliquid
303 4233 422 4298 erasum)
513 4231 548 4286 24
567 4216 677 4298 adstricti
768 4232 802 4286 26
821 4235 997 4298 comprendere
1087 4231 1120 4285 27
1140 4233 1172 4281 ud
1190 4232 1301 4281 ultimum
1322 4238 1368 4281 ter·

144 4323 235 4371 minum
255 4322 343 4370 aetatis
361 4318 437 4374 Koch
457 4319 542 4390 (conf.
556 4318 695 4383 11001105,
710 4323 723 4370 7
743 4321 818 4372 licet.
834 4337 948 4385 ..usque
967 4323 990 4368 in
1009 4321 1122 4370 ultimum
1141 4321 1227 4370 aetatis
1246 4320 1368 4370 humanae

145 4410 272 4460 terminum
291 4409 437 4476 procedito:
459 4410 491 4458 ad
509 4410 620 4460 ultimum
640 4412 726 4459 aetatis
