3046 5092
254 341 318 404 202
433 337 513 379 DlAL.
528 337 569 380 tx.
591 336 639 385 *AD
654 335 796 378 SERENVM
811 337 852 377 DE
866 309 1132 388 TnAuvamnTa
1145 336 1244 380 ANIMI.
1272 341 1293 380 b.

251 484 309 544 sed
340 481 487 544 inritabat
516 503 551 544 se
581 485 650 562 ipsa
677 480 815 544 saeuitia.
861 481 892 542 in
915 502 978 560 qua
1000 481 1125 543 ciuitate
1148 491 1215 545 erat
1238 482 1345 544 Areos
1368 503 1479 564 pagos

251 586 516 668 religiosissimum
538 587 695 661 iudicium,
720 587 749 646 in
773 607 835 666 qua
857 596 985 650 senatus
1008 586 1205 667 populusque
1227 597 1341 651 senatu
1363 589 1479 664 similis,

252 693 357 755 coibat
388 693 505 755 cotidie
533 692 714 754 carnificum
743 698 832 754 triste
855 692 1022 772 collegium
1046 702 1080 755 et
1101 690 1208 754 infelix
1231 694 1315 756 curia
1338 697 1479 773 tyrannis

251 798 494 879 angustabatur:
534 807 702 879 poteratne
733 797 784 860 illa
814 799 924 861 ciuitas
947 801 1184 880 conquiescere,
1214 799 1245 860 in
1267 820 1333 881 qua
1355 809 1405 862 tot
1427 811 1477 881 ty-

224 906 338 967 aranni
361 914 450 967 erant
472 914 552 986 quot
575 905 650 967 satis
673 904 825 967 satellites
849 908 975 967 essent?
1004 925 1045 966 ne
1067 924 1141 985 spes
1163 906 1292 985 quidem
1316 906 1379 969 ulla
1402 908 1478 969 reci·

250 1012 384 1093 piendae
413 1010 564 1072 libertatis
595 1011 707 1072 animis
737 1019 864 1092 poterat
895 1010 1013 1085 offerri,
1044 1031 1104 1072 nec
1134 1009 1186 1071 ulli
1215 1014 1359 1075 remedio
1389 1012 1478 1076 locus

249 1117 425 1198 apparebat
456 1125 565 1178 contra
594 1125 715 1178 tantam
739 1117 804 1177 uim
828 1116 999 1178 malorum:
1031 1118 1116 1178 unde
1140 1118 1223 1178 enim
1247 1120 1381 1194 miserae
1404 1120 1477 1181 ciui-

249 1224 308 1287 tati
339 1232 388 1285 tot
411 1223 628 1284 Harmodios?
660 1221 809 1285 Socrates
841 1231 948 1285 tamen
979 1224 1009 1284 in
1040 1224 1148 1285 medio
1179 1233 1246 1286 erat
1276 1232 1309 1286 et
1331 1223 1512 1304 lugentem

249 1339 356 1411 patres
387 1328 609 1391 consolabatur
622 1338 671 1391 ·et
703 1329 897 1410 desperantis
929 1329 970 1390 de
1000 1328 1161 1410 republica
1191 1329 1424 1394 exhortabatur
1447 1341 1479 1394 et

166 1424 169 1428 ’
211 1454 236 1494 10
251 1435 397 1498 diuitibus
432 1456 511 1516 opes
545 1456 617 1497 suas
653 1435 866 1497 metuentibus
902 1434 1119 1516 exprobrabat
1148 1456 1252 1514 seram
1282 1437 1480 1519 periculosae

250 1535 397 1604 auaritiae
419 1542 643 1622 paenitentiam
667 1550 699 1602 et
722 1542 836 1602 imitari
859 1540 1038 1603 uolentibus
1061 1561 1213 1622 magnum
1237 1543 1479 1607 circumferebat

250 1648 422 1728 exemplar,
446 1669 518 1709 cum
541 1648 621 1709 inter
643 1649 771 1728 triginta
794 1649 942 1709 dominos
964 1647 1043 1710 liber
1065 1649 1233 1711 incederet.
1264 1648 1348 1712 hunc
1368 1661 1479 1712 tamen
1497 1669 1511 1721 3

249 1735 398 1816 Athenae
436 1755 522 1833 ipsae
558 1754 589 1814 in
625 1773 751 1815 carcere
787 1754 985 1829 occiderunt,
1023 1763 1057 1816 et
1092 1755 1144 1836 qui
1174 1764 1245 1817 tuto
1274 1756 1479 1819 insultauerat

248 1860 365 1940 agmini
388 1869 612 1940 tyrannorum,
645 1861 710 1921 eius
733 1858 911 1922 libertatem
934 1860 1062 1922 libertas
1085 1880 1150 1922 non
1172 1860 1258 1923 tulit:
1284 1870 1319 1923 ut
1341 1862 1424 1924 scias
1447 1873 1480 1924 et

211 1988 235 2026 15
250 1967 280 2027 in
304 1967 432 2029 adflicta
454 1964 613 2046 republica
637 1986 707 2027 esse
730 1949 931 2028 occasionem
954 1966 1088 2046 sapienti
1110 1967 1178 2028 uiro
1200 1968 1241 2028 ad
1264 1988 1300 2030 se
1314 1967 1477 2049 proferen-

249 2072 325 2133 dum
349 2074 434 2134 etin
457 2072 580 2134 florenti
603 2093 640 2134 ac
663 2072 758 2134 beata
780 2073 955 2152 pecuniam,
978 2071 1136 2148 inuidiam,
1161 2072 1245 2134 mille
1267 2072 1327 2135 alia
1347 2075 1479 2137 inermia

235 2160 323 2240 ¹uitia
345 2197 485 2257 regnare.
532 2187 701 2259 utcumque
725 2199 803 2258 ergo
825 2198 861 2239 se
884 2176 1060 2258 respublica
1084 2177 1190 2253 dabit,
1217 2188 1391 2261 utcumque
1414 2181 1477 2244 for·
1496 2199 1512 2252 4

248 2295 325 2346 tuna
347 2285 524 2364 permittet,
548 2284 591 2346 ita
614 2294 668 2346 aut
691 2283 921 2364 explicabimus
944 2270 1003 2346 nos
1026 2293 1080 2346 aut
1103 2284 1343 2349 contrahemus:
1370 2288 1479 2369 utique

250 2389 449 2452 mouebimus
479 2410 539 2452 nec
568 2390 698 2470 adligati
729 2398 815 2452 metu
847 2389 1053 2471 torpebimus.
1099 2391 1198 2451 immo
1229 2390 1279 2453 ille
1307 2393 1353 2454 uir
1376 2392 1479 2468 fuerit,

99 2532 109 2550 ,
208 2514 234 2554 ro
248 2495 302 2578 qui
323 2496 467 2575 periculis
490 2496 628 2577 undique
650 2496 881 2570 inminentibus,
905 2496 999 2558 armis
1023 2497 1104 2558 circa
1127 2505 1160 2558 et
1182 2497 1301 2560 catenis
1317 2496 1478 2561 frementi-

248 2603 307 2663 bus
330 2622 394 2663 non
418 2600 555 2664 adliserit
578 2603 725 2665 uirtutem
748 2621 809 2663 nec
830 2601 1040 2665 absconderit.
1084 2623 1148 2663 non
1172 2611 1220 2683 est
1243 2603 1328 2665 enim
1350 2624 1479 2668 seruare

248 2728 283 2769 se
313 2709 456 2781 obruere,
502 2729 592 2785 nere,
625 2719 660 2771 ut
690 2709 819 2788 opinor,
851 2707 960 2770 Curius
984 2708 1142 2771 Dentatus
1172 2707 1293 2784 aiebat,
1323 2709 1420 2772 malle
1442 2729 1509 2781 sen

248 2834 318 2876 esse
354 2823 514 2876 mortuum
549 2835 645 2895 quam
681 2816 814 2876 uiuere.¹
840 2814 984 2876 ultimum
1017 2814 1172 2876 malorum
1204 2825 1252 2877 est
1282 2836 1301 2878 e
1331 2816 1477 2879 uiuomm

247 2940 380 2982 numero
404 2922 506 2996 exire,
539 2930 708 3002 antequam
733 2921 882 2982 moriaris,
928 2921 986 2982 sed
1009 2919 1186 2983 faciendum
1205 2923 1284 2999 erit,
1315 2923 1342 2984 si
1364 2923 1397 2984 in
1420 2924 1476 2985 rei-

207 3027 391 3106 republicae
414 3035 540 3107 tempus
564 3028 665 3089 minus
688 3027 853 3089 tractabile
875 3027 1035 3102 incideris,
1065 3035 1100 3089 ut
1122 3027 1193 3108 plus
1215 3029 1283 3090 otio
1307 3048 1346 3091 ac
1367 3028 1477 3092 litteris

248 3134 394 3195 uindices.
426 3154 485 3195 nec
508 3133 597 3196 aliter
619 3154 714 3214 quarn
737 3135 768 3194 in
782 3132 967 3214 'periculosa
982 3133 1181 3214 nauigatione
1197 3117 1333 3197 subinde
1347 3145 1476 3216 portum

251 3380 376 3431 lseuitia
473 3377 616 3431 3tirannis
713 3354 930 3444 dangustabatur
951 3377 1048 3433 Gertz:
1070 3386 1172 3444 angusta
1268 3335 1372 3447 bquorl

249 3522 307 3570 satis
332 3520 447 3570 satellites
466 3517 597 3589 Madut'q:
617 3520 732 3570 satellites
827 3518 955 3572 lmisere
1051 3480 1195 3586 Slugentls
1286 3510 1476 3588 9doeperantis

249 3611 355 3678 dereffi.
446 3626 480 3680 14
499 3628 620 3686 tirannott
709 3627 760 3677 eius
780 3624 928 3680 Erasmus:
950 3627 1009 3702 ciuis
1099 3633 1125 3677 ut
1142 3629 1207 3678 scias
1226 3627 1391 3682 deteriores:
1412 3635 1436 3680 et
1452 3633 1476 3677 ut

249 3733 312 3781 scias
427 3731 459 3784 15
485 3717 559 3785 re.13.
664 3731 696 3785 16
722 3734 851 3798 pecuniam
871 3748 967 3786 nerum
986 3747 1116 3785 essenon
1130 3748 1216 3802 posse
1233 3731 1304 3787 uidit
1323 3732 1475 3798 Pincianus,

249 3820 397 3895 calumniam
416 3818 532 3873 coniecit
550 3816 673 3889 Madnr'q,
692 3818 743 3873 sed
760 3820 848 3890 mepte
860 3818 956 3890 placet
974 3818 1062 3888 lipsii
1078 3819 1215 3874 iuuentem
1234 3822 1396 3886 petulantiam

249 3927 352 3975 inermia
377 3923 459 3994 uulqo
484 3926 571 3976 inertia
596 3923 711 3995 Madniq
826 3925 859 3980 17
883 3908 970 3978 res.l³.
1062 3925 1095 3978 18
1119 3925 1292 3978 contrahemus
1311 3926 1472 3983 deteriores:

247 4016 414 4064 contrahimus
506 4014 538 4067 19
557 4015 651 4079 alligati
743 4014 776 4067 20
801 4015 965 4071 imminentib;
1059 4013 1092 4066 21
1120 4015 1230 4067 adliserit
1248 4014 1347 4085 uulqo:
1369 4018 1475 4068 abliserit

337 4137 371 4190 ‘22
397 4154 453 4187 uere
472 4135 582 4191 addidit
600 4136 695 4207 Haupt
713 4137 929 4208 interpunctione
947 4143 1050 4191 mutata
1150 4115 1177 4189 sl
1195 4115 1247 4191 isse
1266 4138 1363 4209 (sienis
1380 4155 1474 4210 repre-

248 4226 359 4295 serr'ptr's
378 4224 467 4279 attere
485 4242 582 4280 manus
595 4225 718 4280 ordinem
731 4225 876 4280 uerborum
889 4225 1047 4280 mutandum
1066 4241 1125 4280 erse
1142 4224 1283 4295 indnanit)
1302 4225 1363 4284 eod.
1382 4245 1434 4278 asse
1450 4245 1475 4277 se

250 4313 335 4383 Neap.
426 4313 460 4367 23
485 4331 559 4380 quam
578 4332 684 4380 nequam
702 4317 784 4365 uiuere
798 4330 919 4385 prorsus
937 4314 1061 4369 inmerito
1080 4312 1195 4385 Medniq
1214 4321 1241 4370 et
1261 4313 1358 4376 Gertzr
1379 4321 1409 4370 nt
1426 4333 1475 4367 esse

252 4419 290 4472 t'ta
308 4421 388 4469 uiuere
406 4418 444 4472 ad
461 4428 583 4471 mortuum
597 4421 738 4492 pertinere
756 4420 855 4475 docent
871 4421 1011 4494 sequentia
1100 4421 1132 4475 24
1154 4423 1236 4475 rei.P.
