3046 5092
234 321 274 383 80
298 317 300 322 ·
595 319 675 361 orni.
691 318 729 362 ιν.
756 319 797 358 Da
813 294 934 362 maim.
951 319 980 361 11.
1008 321 1042 362 32.
1058 320 1088 364 ³3.

232 473 288 539 est,
326 463 377 526 hic
415 464 546 525 uincere.
593 463 765 526 humanum
804 466 936 526 uerbum
976 473 1023 526 est
1061 474 1093 527 et
1124 463 1254 545 quidem
1285 486 1346 550 pro
1379 466 1465 529 iusto

231 579 393 651 receptum
419 569 507 650 [ultio
532 571 574 652 et]
599 569 684 632 talio.
729 591 794 632 non
825 569 955 632 multum
988 570 1093 633 differt
1115 571 1223 634 iniuria
1246 572 1303 633 nisi
1328 572 1461 634 ordine:

230 677 283 757 qui
321 676 468 739 dolorem
507 678 622 758 regerit
660 684 783 738 tantum
823 677 1001 738 excusatius
1038 687 1158 758 peccat.
1217 677 1260 739 M.
1301 677 1497 741 Catonem2

232 783 401 865 [ignorans]
427 784 457 844 in
481 781 605 845 balineo
637 783 764 864 quidam
796 782 949 865 percussit
979 784 1158 864 inprudens.
1204 784 1271 866 quis
1304 784 1390 846 enim
1421 783 1462 845 illi

203 891 330 952 ssciens
360 890 478 952 faceret
508 890 668 951 iniuriam?
711 897 825 971 postea
850 888 1055 963 ,satisfacienti
1087 889 1186 966 cato,
1223 911 1289 952 non
1321 890 1461 966 memini,

228 999 343 1079 inquit,
376 1017 428 1059 me
451 1016 643 1077 percussum.
689 995 800 1057 melius
831 996 953 1077 putauit
977 1017 1042 1058 non
1073 1016 1247 1077 agnoscere
1270 1017 1369 1079 quam
1394 999 1458 1061 uin-

229 1104 343 1165 dicare.
388 1100 480 1179 nihil,
519 1103 634 1184 inquis,
673 1100 714 1162 illi
744 1112 818 1182 post
844 1112 966 1164 tantam
998 1102 1201 1193 petulantiam
1232 1102 1307 1166 mali
1338 1103 1490 1172 factum3

228 1214 296 1272 est?
349 1209 449 1272 immo
481 1208 615 1272 multum
638 1208 730 1270 boni:
773 1211 878 1300 cpepit
902 1206 1059 1272 Catonem
1083 1230 1185 1272 nosse.
1232 1210 1340 1292 magni
1365 1212 1459 1274 animi

173 1359 175 1363 .
228 1325 277 1378 est
300 1315 422 1377 iniurias
445 1317 616 1398 despicere.
662 1315 789 1377 ultionis
816 1315 1165 1378 contumeliosissimum
1195 1337 1297 1397 genus
1320 1327 1371 1380 est
1395 1338 1458 1380 non

190 1441 214 1481 10
229 1442 299 1484 esse
321 1416 423 1484 uisum
447 1423 587 1503 dignum,
619 1443 662 1484 ex
692 1443 755 1503 quo
779 1430 941 1504 peteretur
971 1421 1056 1485 ultio.
1103 1422 1193 1485 multi
1224 1421 1311 1485 leues
1333 1424 1457 1515 iniurias

228 1529 318 1592 altius
341 1528 399 1591 sibi
430 1529 602 1603 demisere,
633 1529 710 1589 dum
740 1528 916 1590 uindicant:
950 1527 1001 1590 ille
1032 1548 1167 1609 magnus
1195 1539 1227 1591 et
1250 1528 1376 1606 nobilis,
1406 1531 1457 1611 qui

228 1656 318 1698 more
342 1654 477 1715 magnae
499 1633 584 1696 ferae
607 1632 737 1695 latratus
761 1634 954 1697 minutorum
978 1654 1092 1696 canum
1115 1654 1243 1697 securus
1265 1637 1408 1700 exaudit.

315 1741 463 1804 XXXIII.
510 1740 622 1815 MinuS,
652 1740 759 1821 inquit,
790 1749 1041 1816 contemnemur,
1072 1741 1098 1802 si
1125 1742 1390 1805 uindicauerimus
1412 1743 1485 1805 in-1

226 1850 343 1913 iuriam.
390 1848 415 1908 si
445 1856 609 1927 tamquam
641 1848 683 1908 ad
714 1848 889 1909 remedium
920 1848 1078 1922 uenimus,
1106 1849 1172 1910 sine
1208 1848 1254 1910 ira
1284 1850 1455 1925 ueniamus,

187 1981 212 2020 15
225 1977 290 2018 non
313 1956 402 2037 quasi
425 1954 516 2017 dulce
539 1955 579 2015 sit
602 1951 758 2029 uindicari,
787 1955 845 2016 sed
868 1955 956 2035 quasi
979 1954 1063 2017 utile.
1108 1974 1204 2037 saepe
1226 1963 1335 2018 autem
1360 1957 1455 2018 satius

226 2061 281 2124 fuit
312 2059 521 2135 dissimulare,
549 2080 644 2141 quarn
676 2059 788 2122 ulcisci.
834 2061 1050 2140 potentiorum
1081 2061 1210 2123 iniuriae
1238 2059 1328 2124 hilari
1359 2062 1454 2144 uoltu,

225 2188 290 2231 non
313 2169 469 2251 patienter
491 2176 614 2229 tantum
638 2166 786 2228 ferendae
809 2175 889 2230 sunt.
935 2167 1050 2230 sacient
1077 2169 1207 2244 iterum,
1238 2169 1264 2229 si
1287 2188 1322 2230 se
1344 2167 1455 2233 iecisse

225 2274 422 2337 credideriut.
468 2272 531 2335 hoc
546 2272 665 2335 habent
680 2273 853 2355 pessimum
876 2273 971 2335 animi
988 2293 1105 2355 magna
1120 2273 1248 2337 fortuna
1263 2273 1450 2338 insolentes:

224 2401 305 2463 quos
328 2379 485 2442 laeserunt
513 2387 545 2442 et
577 2381 720 2441 oderunt.
767 2380 931 2443 notisSIma
961 2400 1028 2443 uox
1059 2389 1107 2442 est
1138 2380 1204 2443 eius
1234 2380 1288 2462 qui
1315 2382 1347 2443 in
1371 2381 1484 2451 cultu2

182 2508 209 2548 m
223 2507 335 2568 regum
366 2495 582 2549 consenuerat.
629 2507 701 2548 curn
739 2485 825 2548 illum
856 2487 986 2567 quidam
1024 2488 1248 2569 interrogaret,
1286 2489 1479 2570 quomodo

222 2593 412 2668 rarissimam
450 2614 518 2655 rem
555 2593 587 2654 in
610 2591 682 2655 aula
712 2602 899 2655 consecutus
931 2600 1029 2669 esset,
1068 2602 1282 2670 senectutem,
1321 2573 1470 2670 iniurias·

221 2700 335 2781 inquit,
367 2700 551 2781 accipiendo
575 2707 608 2760 et
630 2700 747 2780 gratias
770 2701 907 2780 agendo,
952 2719 1049 2781 saepe
1073 2700 1157 2763 adeo
1187 2700 1329 2763 iniuriam
1354 2701 1453 2764 uindi-

216 2802 294 2868 'care
310 2827 374 2867 non
391 2809 530 2887 expedit,
555 2814 589 2866 ut
613 2826 653 2867 ne
668 2805 757 2867 fateri
772 2807 902 2887 quidem
919 2807 1080 2887 expediat.
1127 2805 1161 2868 C.
1180 2805 1299 2870 Caesar
1314 2807 1452 2872 Pastoris
1468 2821 1521 2875 e-

221 2911 377 2994 splendidi
402 2913 512 2993 equitis
536 2912 674 2975 Romani
689 2911 786 2974 filium
800 2933 875 3017 qum
900 2912 931 2973 in
949 2902 1093 2991 custodia
1115 2911 1276 2977 habuisset
1292 2915 1453 2979 munditiis

118 3013 119 3016 ’
182 3037 207 3078 r:
223 3019 288 3081 eius
312 3026 344 3079 et
367 3016 548 3080 cultioribus
571 3017 689 3099 capillis
712 3018 869 3094 offensus,
900 3028 1035 3099 rogante
1065 3027 1156 3100 patre
1178 3029 1213 3082 ut
1235 3018 1373 3083 salutem
1397 3020 1453 3083 sibi

223 3123 274 3186 filii
297 3126 495 3199 concederet,
526 3124 613 3206 quasi
645 3125 686 3186 de
709 3124 860 3206 supplicio
884 3126 1066 3215 admonitus
1095 3125 1167 3187 duci
1189 3126 1335 3208 protinus
1359 3128 1452 3210 iussit.

223 3251 262 3291 ne
285 3239 392 3293 tamen
424 3231 531 3292 omnia
558 3229 727 3292 inhumane
757 3229 874 3293 faceret
907 3233 1075 3293 aduersum
1099 3239 1241 3312 patrem,
1272 3234 1316 3295 ad
1341 3253 1451 3296 cenam

222 3336 307 3398 illurn
346 3357 386 3398 eo
425 3338 476 3398 die
513 3337 662 3398 inuitauit.
707 3338 792 3399 uenit
830 3337 943 3401 Pastor
986 3337 1074 3400 uoltu
1112 3337 1187 3400 nihil
1224 3339 1450 3421 exprobrante.
1466 3343 1521 3401 Ε

221 3444 399 3525 propinauit
422 3442 462 3504 illi
480 3441 597 3505 Caesar
619 3441 778 3504 heminam
803 3452 835 3505 et
857 3442 964 3525 posuit
986 3442 1027 3504 illi
1048 3444 1222 3507 custodem.
1268 3445 1452 3526 pererrauit

182 3568 208 3608 ao
222 3551 325 3624 miser,
356 3569 421 3611 non
444 3548 532 3611 aliter
555 3569 651 3632 quarn
682 3550 707 3610 si
729 3548 781 3611 filii
804 3549 988 3629 sanguinem
1020 3549 1151 3612 biberet.
1197 3559 1397 3631 unguentum
1419 3559 1450 3613 et

222 3676 357 3717 coronas
380 3657 463 3717 misit
487 3664 519 3718 et
550 3655 721 3717 obseruare
750 3656 837 3717 iussit
868 3676 908 3717 an
938 3664 1095 3718 sumeret:
1129 3657 1272 3738 sumpsit.
1318 3677 1360 3721 eo
1391 3657 1449 3732 die,

222 3782 286 3842 quo
309 3760 406 3822 filium
438 3760 611 3836 extulerat,
641 3763 740 3822 immo
768 3782 833 3843 quo
863 3781 928 3823 non
952 3761 1126 3837 extulerat,
1162 3762 1286 3826 iacebat
1317 3764 1449 3827 conuiua

223 3903 261 3912 —ae

266 3975 268 3980 ⁴
343 3975 356 4023 l
376 3974 510 4021 humanum
529 3969 661 4040 Madvig:
682 3973 841 4021 Inhumanum
969 3972 1088 4024 2u1ti0et
1107 3970 1221 4025 seclusit
1236 3970 1333 4028 Haase

223 4063 302 4111 differt
321 4062 408 4110 iniuria
430 4058 512 4113 Gertz
521 4079 531 4109 ε·
549 4062 629 4110 differt
648 4061 746 4114 omisso
765 4062 853 4109 iniuria
925 4059 942 4111 l
962 4062 1078 4125 ignorans
1097 4059 1186 4114 omisit
1204 4059 1246 4114 E¹
1318 4064 1446 4125 baleneo,

219 4148 276 4218 sicil
294 4151 394 4199 balineo
466 4150 561 4214 &cepit
634 4148 788 4214 {ldispicere
802 4148 891 4218 (prior
904 4151 912 4197 i
926 4163 997 4202 corr.
1011 4147 1039 4200 in
1052 4149 1076 4215 e)
1152 4149 1184 4202 12
1204 4166 1294 4200 canum
1306 4150 1444 4221 plerique:

223 4240 287 4288 ciuis]
375 4239 406 4290 ’13
427 4244 605 4303 conlepnemur
684 4237 716 4289 21.ss
735 4239 800 4287 uultu
873 4237 906 4290 22
926 4239 1052 4288 uindicare
1070 4236 1130 4292 cod.
1150 4243 1178 4292 et
1194 4237 1317 4293 editores
1328 4239 1446 4310 priores,

221 4328 341 4376 uindicari
360 4324 473 4379 Fickert
491 4331 518 4380 el
536 4324 629 4379 Haase
736 4325 769 4377 [lli
790 4327 921 4386 cocederet
941 4325 983 4394 (co
1003 4326 1031 4378 in
1049 4326 1117 4393 ras.)
1228 4331 1379 4379 ammonitus
1397 4329 1445 4395 (arn

222 4414 306 4480 corr.)
391 4416 425 4466 ‘es
444 4416 509 4464 uultu
