<?xml version="1.0" encoding="UTF-8"?>
<!DOCTYPE html PUBLIC "-//W3C//DTD XHTML 1.0 Transitional//EN"
    "http://www.w3.org/TR/xhtml1/DTD/xhtml1-transitional.dtd">
<html xmlns="http://www.w3.org/1999/xhtml" xml:lang="en" lang="en">
 <head>
  <title>
</title>
<meta http-equiv="Content-Type" content="text/html;charset=utf-8" />
  <meta name='ocr-system' content='tesseract 3.04.00' />
  <meta name='ocr-capabilities' content='ocr_page ocr_carea ocr_par ocr_line ocrx_word'/>
</head>
<body>
  <div class='ocr_page' id='page_1' title='image "./lannaeisenecaed00vahlgoog_0123.png"; bbox 0 0 3060 5078; ppageno 0'>
   <div class='ocr_carea' id='block_1_1' title="bbox 236 332 1074 399">
    <p class='ocr_par' dir='ltr' id='par_1_1' title="bbox 236 332 1074 399">
     <span class='ocr_line' id='line_1_1' title="bbox 236 332 1074 399; baseline 0.013 -32"><span class='ocrx_word' id='word_1_1' title='bbox 236 337 278 399; x_wconf 74' lang='grc'>84</span> <span class='ocrx_word' id='word_1_2' title='bbox 625 332 760 376; x_wconf 83' lang='lat' dir='ltr'>D1AL.1v.</span> <span class='ocrx_word' id='word_1_3' title='bbox 789 336 829 375; x_wconf 86' lang='lat' dir='ltr'>DE</span> <span class='ocrx_word' id='word_1_4' title='bbox 843 335 896 375; x_wconf 79' lang='lat' dir='ltr'>IRA</span> <span class='ocrx_word' id='word_1_5' title='bbox 911 336 966 378; x_wconf 87' lang='lat' dir='ltr'>LIB.</span> <span class='ocrx_word' id='word_1_6' title='bbox 982 335 1011 378; x_wconf 91' lang='lat'>11.</span> <span class='ocrx_word' id='word_1_7' title='bbox 1039 337 1074 378; x_wconf 85' lang='grc'>36.</span> 
     </span>
    </p>
   </div>
   <div class='ocr_carea' id='block_1_2' title="bbox 194 479 1507 2373">
    <p class='ocr_par' dir='ltr' id='par_1_2' title="bbox 194 479 1507 2373">
     <span class='ocr_line' id='line_1_2' title="bbox 234 479 1504 563; baseline -0.001 -23"><span class='ocrx_word' id='word_1_8' title='bbox 234 479 334 540; x_wconf 91' lang='lat' dir='ltr'>uideri</span> <span class='ocrx_word' id='word_1_9' title='bbox 356 479 474 541; x_wconf 84' lang='lat' dir='ltr'>uolunt.</span> <span class='ocrx_word' id='word_1_10' title='bbox 521 482 623 561; x_wconf 89' lang='lat' dir='ltr'>magis</span> <span class='ocrx_word' id='word_1_11' title='bbox 653 479 728 543; x_wconf 93' lang='lat' dir='ltr'>illud</span> <span class='ocrx_word' id='word_1_12' title='bbox 759 481 930 543; x_wconf 91' lang='lat' dir='ltr'>uidendum</span> <span class='ocrx_word' id='word_1_13' title='bbox 963 490 1026 556; x_wconf 90' lang='lat' dir='ltr'>est,</span> <span class='ocrx_word' id='word_1_14' title='bbox 1065 501 1161 563; x_wconf 90' lang='lat' dir='ltr'>quarn</span> <span class='ocrx_word' id='word_1_15' title='bbox 1193 480 1297 543; x_wconf 90' lang='lat' dir='ltr'>multis</span> <span class='ocrx_word' id='word_1_16' title='bbox 1329 481 1375 542; x_wconf 91' lang='lat' dir='ltr'>ira</span> <span class='ocrx_word' id='word_1_17' title='bbox 1409 486 1504 561; x_wconf 83' lang='lat' dir='ltr'>per4</span> 
     </span>
     <span class='ocr_line' id='line_1_3' title="bbox 235 587 1466 669; baseline 0.002 -23"><span class='ocrx_word' id='word_1_18' title='bbox 235 607 269 647; x_wconf 91' lang='lat' dir='ltr'>se</span> <span class='ocrx_word' id='word_1_19' title='bbox 304 587 454 648; x_wconf 87' lang='lat' dir='ltr'>nocuerit.</span> <span class='ocrx_word' id='word_1_20' title='bbox 515 587 564 649; x_wconf 88' lang='lat' dir='ltr'>alii</span> <span class='ocrx_word' id='word_1_21' title='bbox 607 588 704 649; x_wconf 90' lang='lat' dir='ltr'>nimio</span> <span class='ocrx_word' id='word_1_22' title='bbox 742 587 866 649; x_wconf 87' lang='lat' dir='ltr'>seruore</span> <span class='ocrx_word' id='word_1_23' title='bbox 908 609 1022 669; x_wconf 87' lang='lat' dir='ltr'>rupere</span> <span class='ocrx_word' id='word_1_24' title='bbox 1064 608 1161 650; x_wconf 90' lang='lat' dir='ltr'>uenas</span> <span class='ocrx_word' id='word_1_25' title='bbox 1203 598 1235 650; x_wconf 92' lang='lat' dir='ltr'>et</span> <span class='ocrx_word' id='word_1_26' title='bbox 1272 587 1466 668; x_wconf 89' lang='lat' dir='ltr'>sanguinem</span> 
     </span>
     <span class='ocr_line' id='line_1_4' title="bbox 235 693 1466 778; baseline 0.001 -25"><span class='ocrx_word' id='word_1_27' title='bbox 235 714 330 773; x_wconf 89' lang='lat' dir='ltr'>supra</span> <span class='ocrx_word' id='word_1_28' title='bbox 353 694 433 755; x_wconf 91' lang='lat' dir='ltr'>uires</span> <span class='ocrx_word' id='word_1_29' title='bbox 457 693 557 767; x_wconf 79' lang='lat' dir='ltr'>elatus</span> <span class='ocrx_word' id='word_1_30' title='bbox 584 693 705 755; x_wconf 90' lang='lat' dir='ltr'>clamor</span> <span class='ocrx_word' id='word_1_31' title='bbox 735 696 853 775; x_wconf 86' lang='lat' dir='ltr'>egessit</span> <span class='ocrx_word' id='word_1_32' title='bbox 884 705 915 758; x_wconf 94' lang='lat' dir='ltr'>et</span> <span class='ocrx_word' id='word_1_33' title='bbox 946 695 1097 757; x_wconf 91' lang='lat' dir='ltr'>luminum</span> <span class='ocrx_word' id='word_1_34' title='bbox 1128 694 1268 778; x_wconf 89' lang='lat' dir='ltr'>subsudit</span> <span class='ocrx_word' id='word_1_35' title='bbox 1297 694 1403 756; x_wconf 88' lang='lat' dir='ltr'>aciem</span> <span class='ocrx_word' id='word_1_36' title='bbox 1435 695 1466 754; x_wconf 93' lang='lat' dir='ltr'>in</span> 
     </span>
     <span class='ocr_line' id='line_1_5' title="bbox 231 799 1464 882; baseline 0.001 -22"><span class='ocrx_word' id='word_1_37' title='bbox 231 799 345 862; x_wconf 88' lang='lat' dir='ltr'>oculos</span> <span class='ocrx_word' id='word_1_38' title='bbox 375 800 593 863; x_wconf 92' lang='lat' dir='ltr'>uehementius</span> <span class='ocrx_word' id='word_1_39' title='bbox 624 822 716 862; x_wconf 89' lang='lat' dir='ltr'>umor</span> <span class='ocrx_word' id='word_1_40' title='bbox 746 812 873 882; x_wconf 86' lang='lat' dir='ltr'>egestus</span> <span class='ocrx_word' id='word_1_41' title='bbox 904 812 936 864; x_wconf 90' lang='lat' dir='ltr'>et</span> <span class='ocrx_word' id='word_1_42' title='bbox 965 804 996 863; x_wconf 92' lang='lat' dir='ltr'>in</span> <span class='ocrx_word' id='word_1_43' title='bbox 1027 801 1161 863; x_wconf 91' lang='lat' dir='ltr'>morbos</span> <span class='ocrx_word' id='word_1_44' title='bbox 1184 802 1269 881; x_wconf 85' lang='lat' dir='ltr'>aegri</span> <span class='ocrx_word' id='word_1_45' title='bbox 1292 800 1464 862; x_wconf 88' lang='lat' dir='ltr'>reccidere.</span> 
     </span>
     <span class='ocr_line' id='line_1_6' title="bbox 208 905 1503 989; baseline -0.002 -23"><span class='ocrx_word' id='word_1_46' title='bbox 208 905 318 967; x_wconf 68' lang='lat' dir='ltr'>anulla</span> <span class='ocrx_word' id='word_1_47' title='bbox 349 906 480 968; x_wconf 91' lang='lat' dir='ltr'>celerior</span> <span class='ocrx_word' id='word_1_48' title='bbox 510 909 551 969; x_wconf 92' lang='lat' dir='ltr'>ad</span> <span class='ocrx_word' id='word_1_49' title='bbox 585 907 737 969; x_wconf 89' lang='lat' dir='ltr'>insaniam</span> <span class='ocrx_word' id='word_1_50' title='bbox 767 909 819 970; x_wconf 90' lang='lat' dir='ltr'>uia</span> <span class='ocrx_word' id='word_1_51' title='bbox 849 917 905 970; x_wconf 90' lang='lat' dir='ltr'>est.</span> <span class='ocrx_word' id='word_1_52' title='bbox 952 909 1041 970; x_wconf 87' lang='lat' dir='ltr'>multi</span> <span class='ocrx_word' id='word_1_53' title='bbox 1071 909 1177 989; x_wconf 91' lang='lat' dir='ltr'>itaque</span> <span class='ocrx_word' id='word_1_54' title='bbox 1200 909 1503 969; x_wconf 74' lang='lat' dir='ltr'>continuaueruntb</span> 
     </span>
     <span class='ocr_line' id='line_1_7' title="bbox 233 1010 1464 1095; baseline 0.002 -23"><span class='ocrx_word' id='word_1_55' title='bbox 233 1012 298 1073; x_wconf 91' lang='lat' dir='ltr'>irae</span> <span class='ocrx_word' id='word_1_56' title='bbox 321 1010 460 1074; x_wconf 85' lang='lat' dir='ltr'>furorem</span> <span class='ocrx_word' id='word_1_57' title='bbox 484 1033 543 1074; x_wconf 90' lang='lat' dir='ltr'>nec</span> <span class='ocrx_word' id='word_1_58' title='bbox 565 1035 660 1095; x_wconf 89' lang='lat' dir='ltr'>quarn</span> <span class='ocrx_word' id='word_1_59' title='bbox 685 1013 870 1095; x_wconf 83' lang='lat' dir='ltr'>expulerant</span> <span class='ocrx_word' id='word_1_60' title='bbox 901 1024 1042 1077; x_wconf 90' lang='lat' dir='ltr'>mentem</span> <span class='ocrx_word' id='word_1_61' title='bbox 1073 1034 1224 1095; x_wconf 90' lang='lat' dir='ltr'>umquam</span> <span class='ocrx_word' id='word_1_62' title='bbox 1255 1023 1464 1095; x_wconf 88' lang='lat' dir='ltr'>receperunt:</span> 
     </span>
     <span class='ocr_line' id='line_1_8' title="bbox 234 1117 1467 1202; baseline -0.001 -21"><span class='ocrx_word' id='word_1_63' title='bbox 234 1117 370 1181; x_wconf 90' lang='lat' dir='ltr'>Aiacem</span> <span class='ocrx_word' id='word_1_64' title='bbox 394 1120 425 1180; x_wconf 92' lang='lat' dir='ltr'>in</span> <span class='ocrx_word' id='word_1_65' title='bbox 453 1128 591 1182; x_wconf 89' lang='lat' dir='ltr'>mortem</span> <span class='ocrx_word' id='word_1_66' title='bbox 615 1122 681 1202; x_wconf 88' lang='lat' dir='ltr'>egit</span> <span class='ocrx_word' id='word_1_67' title='bbox 710 1120 811 1197; x_wconf 87' lang='lat' dir='ltr'>furor,</span> <span class='ocrx_word' id='word_1_68' title='bbox 842 1123 874 1182; x_wconf 92' lang='lat' dir='ltr'>in</span> <span class='ocrx_word' id='word_1_69' title='bbox 901 1120 1039 1183; x_wconf 84' lang='lat' dir='ltr'>furorem</span> <span class='ocrx_word' id='word_1_70' title='bbox 1070 1122 1122 1183; x_wconf 88' lang='lat' dir='ltr'>ira.</span> <span class='ocrx_word' id='word_1_71' title='bbox 1178 1128 1316 1182; x_wconf 89' lang='lat' dir='ltr'>mortem</span> <span class='ocrx_word' id='word_1_72' title='bbox 1347 1118 1467 1194; x_wconf 91' lang='lat' dir='ltr'>liberis,</span> 
     </span>
     <span class='ocr_line' id='line_1_9' title="bbox 235 1226 1469 1309; baseline 0.001 -24"><span class='ocrx_word' id='word_1_73' title='bbox 235 1233 411 1306; x_wconf 85' lang='lat' dir='ltr'>egestatem</span> <span class='ocrx_word' id='word_1_74' title='bbox 435 1226 500 1300; x_wconf 86' lang='lat' dir='ltr'>sibi,</span> <span class='ocrx_word' id='word_1_75' title='bbox 524 1228 645 1288; x_wconf 90' lang='lat' dir='ltr'>ruinam</span> <span class='ocrx_word' id='word_1_76' title='bbox 669 1229 779 1289; x_wconf 90' lang='lat' dir='ltr'>domui</span> <span class='ocrx_word' id='word_1_77' title='bbox 802 1229 1009 1309; x_wconf 89' lang='lat' dir='ltr'>inprecantur,</span> <span class='ocrx_word' id='word_1_78' title='bbox 1033 1237 1064 1289; x_wconf 91' lang='lat' dir='ltr'>et</span> <span class='ocrx_word' id='word_1_79' title='bbox 1087 1228 1232 1289; x_wconf 89' lang='lat' dir='ltr'>irasci-se</span> <span class='ocrx_word' id='word_1_80' title='bbox 1254 1235 1376 1307; x_wconf 90' lang='lat' dir='ltr'>negant</span> <span class='ocrx_word' id='word_1_81' title='bbox 1400 1247 1469 1287; x_wconf 93' lang='lat' dir='ltr'>non</span> 
     </span>
     <span class='ocr_line' id='line_1_10' title="bbox 235 1331 1469 1414; baseline 0 -21"><span class='ocrx_word' id='word_1_82' title='bbox 235 1331 337 1393; x_wconf 91' lang='lat' dir='ltr'>minus</span> <span class='ocrx_word' id='word_1_83' title='bbox 353 1353 448 1414; x_wconf 90' lang='lat' dir='ltr'>quarn</span> <span class='ocrx_word' id='word_1_84' title='bbox 464 1333 598 1394; x_wconf 88' lang='lat' dir='ltr'>insanire</span> <span class='ocrx_word' id='word_1_85' title='bbox 613 1332 725 1395; x_wconf 81' lang='lat' dir='ltr'>furiosi.</span> <span class='ocrx_word' id='word_1_86' title='bbox 750 1334 944 1396; x_wconf 90' lang='lat' dir='ltr'>amicissimis</span> <span class='ocrx_word' id='word_1_87' title='bbox 965 1333 1075 1395; x_wconf 89' lang='lat' dir='ltr'>hostes</span> <span class='ocrx_word' id='word_1_88' title='bbox 1091 1333 1272 1413; x_wconf 87' lang='lat' dir='ltr'>uitandique</span> <span class='ocrx_word' id='word_1_89' title='bbox 1288 1333 1469 1407; x_wconf 89' lang='lat' dir='ltr'>carissimis,</span> 
     </span>
     <span class='ocr_line' id='line_1_11' title="bbox 195 1438 1469 1521; baseline 0.001 -22"><span class='ocrx_word' id='word_1_90' title='bbox 195 1452 220 1491; x_wconf 82' lang='lat'>¹0</span> <span class='ocrx_word' id='word_1_91' title='bbox 235 1438 340 1518; x_wconf 89' lang='lat' dir='ltr'>legum</span> <span class='ocrx_word' id='word_1_92' title='bbox 371 1440 428 1500; x_wconf 91' lang='lat' dir='ltr'>nisi</span> <span class='ocrx_word' id='word_1_93' title='bbox 466 1461 529 1521; x_wconf 90' lang='lat' dir='ltr'>qua</span> <span class='ocrx_word' id='word_1_94' title='bbox 559 1449 675 1501; x_wconf 91' lang='lat' dir='ltr'>nocent</span> <span class='ocrx_word' id='word_1_95' title='bbox 713 1441 919 1515; x_wconf 83' lang='lat' dir='ltr'>inmemoreS,</span> <span class='ocrx_word' id='word_1_96' title='bbox 958 1442 999 1503; x_wconf 88' lang='lat' dir='ltr'>ad</span> <span class='ocrx_word' id='word_1_97' title='bbox 1038 1441 1169 1503; x_wconf 90' lang='lat' dir='ltr'>minima</span> <span class='ocrx_word' id='word_1_98' title='bbox 1207 1440 1360 1513; x_wconf 89' lang='lat' dir='ltr'>mobiles,</span> <span class='ocrx_word' id='word_1_99' title='bbox 1399 1460 1469 1500; x_wconf 92' lang='lat' dir='ltr'>non</span> 
     </span>
     <span class='ocr_line' id='line_1_12' title="bbox 234 1543 1470 1629; baseline 0.002 -23"><span class='ocrx_word' id='word_1_100' title='bbox 234 1566 394 1620; x_wconf 90' lang='lat' dir='ltr'>sermone,</span> <span class='ocrx_word' id='word_1_101' title='bbox 422 1567 487 1608; x_wconf 94' lang='lat' dir='ltr'>non</span> <span class='ocrx_word' id='word_1_102' title='bbox 518 1545 622 1607; x_wconf 80' lang='lat' dir='ltr'>officio</span> <span class='ocrx_word' id='word_1_103' title='bbox 654 1546 732 1609; x_wconf 90' lang='lat' dir='ltr'>adiri</span> <span class='ocrx_word' id='word_1_104' title='bbox 760 1543 884 1623; x_wconf 59' lang='lat' dir='ltr'>faciles,</span> <span class='ocrx_word' id='word_1_105' title='bbox 905 1567 961 1629; x_wconf 95' lang='lat' dir='ltr'>per</span> <span class='ocrx_word' id='word_1_106' title='bbox 984 1543 1048 1608; x_wconf 85' lang='lat' dir='ltr'>uim</span> <span class='ocrx_word' id='word_1_107' title='bbox 1072 1548 1180 1609; x_wconf 91' lang='lat' dir='ltr'>omnia</span> <span class='ocrx_word' id='word_1_108' title='bbox 1202 1554 1324 1627; x_wconf 87' lang='lat' dir='ltr'>gerunt,</span> <span class='ocrx_word' id='word_1_109' title='bbox 1348 1545 1470 1626; x_wconf 90' lang='lat' dir='ltr'>gladiis</span> 
     </span>
     <span class='ocr_line' id='line_1_13' title="bbox 233 1652 1507 1734; baseline -0.002 -22"><span class='ocrx_word' id='word_1_110' title='bbox 233 1659 267 1712; x_wconf 90' lang='lat' dir='ltr'>et</span> <span class='ocrx_word' id='word_1_111' title='bbox 297 1670 438 1732; x_wconf 86' lang='lat' dir='ltr'>pugnare</span> <span class='ocrx_word' id='word_1_112' title='bbox 469 1654 570 1734; x_wconf 90' lang='lat' dir='ltr'>parati</span> <span class='ocrx_word' id='word_1_113' title='bbox 601 1662 633 1715; x_wconf 92' lang='lat' dir='ltr'>et</span> <span class='ocrx_word' id='word_1_114' title='bbox 663 1653 854 1716; x_wconf 88' lang='lat' dir='ltr'>incumbere.</span> <span class='ocrx_word' id='word_1_115' title='bbox 902 1655 1078 1715; x_wconf 90' lang='lat' dir='ltr'>maximum</span> <span class='ocrx_word' id='word_1_116' title='bbox 1112 1655 1195 1715; x_wconf 91' lang='lat' dir='ltr'>enirn</span> <span class='ocrx_word' id='word_1_117' title='bbox 1233 1653 1302 1715; x_wconf 92' lang='lat' dir='ltr'>illos</span> <span class='ocrx_word' id='word_1_118' title='bbox 1341 1652 1507 1714; x_wconf 75' lang='lat' dir='ltr'>malumss</span> 
     </span>
     <span class='ocr_line' id='line_1_14' title="bbox 234 1759 1472 1841; baseline 0.002 -22"><span class='ocrx_word' id='word_1_119' title='bbox 234 1759 316 1840; x_wconf 87' lang='lat' dir='ltr'>cepit</span> <span class='ocrx_word' id='word_1_120' title='bbox 347 1766 379 1820; x_wconf 92' lang='lat' dir='ltr'>et</span> <span class='ocrx_word' id='word_1_121' title='bbox 410 1760 517 1821; x_wconf 90' lang='lat' dir='ltr'>omnia</span> <span class='ocrx_word' id='word_1_122' title='bbox 544 1780 722 1840; x_wconf 87' lang='lat' dir='ltr'>exuperans</span> <span class='ocrx_word' id='word_1_123' title='bbox 745 1761 827 1822; x_wconf 86' lang='lat' dir='ltr'>uitia.</span> <span class='ocrx_word' id='word_1_124' title='bbox 874 1761 933 1822; x_wconf 88' lang='lat' dir='ltr'>alia</span> <span class='ocrx_word' id='word_1_125' title='bbox 955 1759 1106 1841; x_wconf 88' lang='lat' dir='ltr'>paulatim</span> <span class='ocrx_word' id='word_1_126' title='bbox 1130 1761 1264 1821; x_wconf 88' lang='lat' dir='ltr'>intrant:</span> <span class='ocrx_word' id='word_1_127' title='bbox 1298 1761 1472 1840; x_wconf 90' lang='lat' dir='ltr'>repentina</span> 
     </span>
     <span class='ocr_line' id='line_1_15' title="bbox 232 1864 1472 1947; baseline 0.001 -21"><span class='ocrx_word' id='word_1_128' title='bbox 232 1876 267 1926; x_wconf 88' lang='lat' dir='ltr'>et</span> <span class='ocrx_word' id='word_1_129' title='bbox 304 1866 449 1928; x_wconf 90' lang='lat' dir='ltr'>uniuersa</span> <span class='ocrx_word' id='word_1_130' title='bbox 487 1867 532 1927; x_wconf 92' lang='lat' dir='ltr'>uis</span> <span class='ocrx_word' id='word_1_131' title='bbox 570 1865 660 1927; x_wconf 91' lang='lat' dir='ltr'>huius</span> <span class='ocrx_word' id='word_1_132' title='bbox 699 1876 756 1927; x_wconf 91' lang='lat' dir='ltr'>est.</span> <span class='ocrx_word' id='word_1_133' title='bbox 804 1869 906 1928; x_wconf 90' lang='lat' dir='ltr'>omnis</span> <span class='ocrx_word' id='word_1_134' title='bbox 945 1869 1081 1947; x_wconf 90' lang='lat' dir='ltr'>denique</span> <span class='ocrx_word' id='word_1_135' title='bbox 1118 1865 1197 1929; x_wconf 89' lang='lat' dir='ltr'>alios</span> <span class='ocrx_word' id='word_1_136' title='bbox 1228 1864 1376 1928; x_wconf 83' lang='lat' dir='ltr'>adlectus</span> <span class='ocrx_word' id='word_1_137' title='bbox 1406 1866 1472 1928; x_wconf 92' lang='lat' dir='ltr'>sibi</span> 
     </span>
     <span class='ocr_line' id='line_1_16' title="bbox 194 1970 1503 2063; baseline 0.002 -31"><span class='ocrx_word' id='word_1_138' title='bbox 194 1982 220 2031; x_wconf 72' lang='lat'>1⁵</span> <span class='ocrx_word' id='word_1_139' title='bbox 234 1971 354 2050; x_wconf 78' lang='lat' dir='ltr'>subicit.</span> <span class='ocrx_word' id='word_1_140' title='bbox 391 1992 534 2034; x_wconf 90' lang='lat' dir='ltr'>amorem</span> <span class='ocrx_word' id='word_1_141' title='bbox 544 1972 807 2034; x_wconf 85' lang='lat' dir='ltr'>&#39;ardentissimum</span> <span class='ocrx_word' id='word_1_142' title='bbox 830 1974 932 2063; x_wconf 82' lang='lat' dir='ltr'>uincit.</span> <span class='ocrx_word' id='word_1_143' title='bbox 978 1970 1214 2035; x_wconf 77' lang='lat' dir='ltr'>transfoderunt</span> <span class='ocrx_word' id='word_1_144' title='bbox 1230 1973 1339 2053; x_wconf 51' lang='lat' dir='ltr'>¹itaque</span> <span class='ocrx_word' id='word_1_145' title='bbox 1355 1982 1473 2035; x_wconf 88' lang='lat' dir='ltr'>amata</span> <span class='ocrx_word' id='word_1_146' title='bbox 1499 1977 1503 1984; x_wconf 84' lang='grc'><em>“</em></span> 
     </span>
     <span class='ocr_line' id='line_1_17' title="bbox 234 2079 1473 2161; baseline 0.002 -22"><span class='ocrx_word' id='word_1_147' title='bbox 234 2098 369 2160; x_wconf 91' lang='lat' dir='ltr'>corpora</span> <span class='ocrx_word' id='word_1_148' title='bbox 385 2088 417 2138; x_wconf 89' lang='lat' dir='ltr'>et</span> <span class='ocrx_word' id='word_1_149' title='bbox 432 2079 464 2139; x_wconf 90' lang='lat' dir='ltr'>in</span> <span class='ocrx_word' id='word_1_150' title='bbox 480 2099 589 2140; x_wconf 91' lang='lat' dir='ltr'>eorum</span> <span class='ocrx_word' id='word_1_151' title='bbox 606 2100 687 2160; x_wconf 91' lang='lat' dir='ltr'>quos</span> <span class='ocrx_word' id='word_1_152' title='bbox 704 2080 886 2142; x_wconf 90' lang='lat' dir='ltr'>occiderant</span> <span class='ocrx_word' id='word_1_153' title='bbox 900 2080 1023 2141; x_wconf 91' lang='lat' dir='ltr'>iacuere</span> <span class='ocrx_word' id='word_1_154' title='bbox 1039 2079 1256 2161; x_wconf 90' lang='lat' dir='ltr'>conplexibus.</span> <span class='ocrx_word' id='word_1_155' title='bbox 1287 2080 1473 2155; x_wconf 90' lang='lat' dir='ltr'>auaritiam,</span> 
     </span>
     <span class='ocr_line' id='line_1_18' title="bbox 234 2185 1474 2267; baseline 0.002 -22"><span class='ocrx_word' id='word_1_156' title='bbox 234 2185 433 2245; x_wconf 88' lang='lat' dir='ltr'>durissimum</span> <span class='ocrx_word' id='word_1_157' title='bbox 458 2185 576 2246; x_wconf 91' lang='lat' dir='ltr'>malurn</span> <span class='ocrx_word' id='word_1_158' title='bbox 600 2187 791 2267; x_wconf 89' lang='lat' dir='ltr'>minimeque</span> <span class='ocrx_word' id='word_1_159' title='bbox 814 2186 960 2260; x_wconf 88' lang='lat' dir='ltr'>flexibile,</span> <span class='ocrx_word' id='word_1_160' title='bbox 990 2187 1035 2248; x_wconf 88' lang='lat' dir='ltr'>ira</span> <span class='ocrx_word' id='word_1_161' title='bbox 1058 2186 1189 2248; x_wconf 89' lang='lat' dir='ltr'>calcauit</span> <span class='ocrx_word' id='word_1_162' title='bbox 1211 2186 1361 2247; x_wconf 89' lang='lat' dir='ltr'>adactam</span> <span class='ocrx_word' id='word_1_163' title='bbox 1387 2206 1474 2266; x_wconf 91' lang='lat' dir='ltr'>opes</span> 
     </span>
     <span class='ocr_line' id='line_1_19' title="bbox 231 2291 1473 2373; baseline 0.004 -22"><span class='ocrx_word' id='word_1_164' title='bbox 231 2311 306 2351; x_wconf 57' lang='lat' dir='ltr'>«suas</span> <span class='ocrx_word' id='word_1_165' title='bbox 329 2311 480 2371; x_wconf 87' lang='lat' dir='ltr'>spargere</span> <span class='ocrx_word' id='word_1_166' title='bbox 502 2301 535 2353; x_wconf 90' lang='lat' dir='ltr'>et</span> <span class='ocrx_word' id='word_1_167' title='bbox 558 2294 667 2353; x_wconf 92' lang='lat' dir='ltr'>domui</span> <span class='ocrx_word' id='word_1_168' title='bbox 689 2293 847 2373; x_wconf 90' lang='lat' dir='ltr'>rebusque</span> <span class='ocrx_word' id='word_1_169' title='bbox 874 2294 905 2353; x_wconf 93' lang='lat' dir='ltr'>in</span> <span class='ocrx_word' id='word_1_170' title='bbox 928 2314 1024 2354; x_wconf 92' lang='lat' dir='ltr'>unum</span> <span class='ocrx_word' id='word_1_171' title='bbox 1057 2292 1177 2354; x_wconf 85' lang='lat' dir='ltr'>collatis</span> <span class='ocrx_word' id='word_1_172' title='bbox 1209 2291 1322 2353; x_wconf 90' lang='lat' dir='ltr'>inicere</span> <span class='ocrx_word' id='word_1_173' title='bbox 1345 2291 1473 2372; x_wconf 86' lang='lat' dir='ltr'>ignem.</span> 
     </span>
    </p>
   </div>
   <div class='ocr_carea' id='block_1_3' title="bbox 195 2502 1476 2671">
    <p class='ocr_par' dir='ltr' id='par_1_3' title="bbox 195 2502 1476 2671">
     <span class='ocr_line' id='line_1_20' title="bbox 195 2502 1476 2587; baseline -0.002 -19"><span class='ocrx_word' id='word_1_174' title='bbox 195 2527 221 2568; x_wconf 79' lang='lat' dir='ltr'>ru</span> <span class='ocrx_word' id='word_1_175' title='bbox 235 2523 297 2584; x_wconf 94' lang='lat' dir='ltr'>que</span> <span class='ocrx_word' id='word_1_176' title='bbox 328 2502 468 2565; x_wconf 92' lang='lat' dir='ltr'>delatum</span> <span class='ocrx_word' id='word_1_177' title='bbox 500 2503 653 2586; x_wconf 88' lang='lat' dir='ltr'>reppulit?</span> <span class='ocrx_word' id='word_1_178' title='bbox 700 2504 800 2566; x_wconf 91' lang='lat' dir='ltr'>nullus</span> <span class='ocrx_word' id='word_1_179' title='bbox 835 2504 976 2567; x_wconf 87' lang='lat' dir='ltr'>adfectus</span> <span class='ocrx_word' id='word_1_180' title='bbox 1009 2513 1074 2580; x_wconf 89' lang='lat' dir='ltr'>est,</span> <span class='ocrx_word' id='word_1_181' title='bbox 1113 2505 1143 2565; x_wconf 92' lang='lat' dir='ltr'>in</span> <span class='ocrx_word' id='word_1_182' title='bbox 1181 2525 1276 2587; x_wconf 92' lang='lat' dir='ltr'>quern</span> <span class='ocrx_word' id='word_1_183' title='bbox 1315 2525 1385 2566; x_wconf 93' lang='lat' dir='ltr'>non</span> <span class='ocrx_word' id='word_1_184' title='bbox 1425 2505 1476 2566; x_wconf 90' lang='lat' dir='ltr'>ira</span> 
     </span>
     <span class='ocr_line' id='line_1_21' title="bbox 235 2609 422 2671; baseline 0.005 -1"><span class='ocrx_word' id='word_1_185' title='bbox 235 2609 422 2671; x_wconf 88' lang='lat' dir='ltr'>dominetur.</span> 
     </span>
    </p>
   </div>
   <div class='ocr_carea' id='block_1_4' title="bbox 234 2797 1356 2876">
    <p class='ocr_par' dir='ltr' id='par_1_4' title="bbox 234 2797 1356 2876">
     <span class='ocr_line' id='line_1_22' title="bbox 234 2797 1356 2876; baseline -0.002 -19"><span class='ocrx_word' id='word_1_186' title='bbox 234 2805 356 2869; x_wconf 77' lang='lat' dir='ltr'>2rupere</span> <span class='ocrx_word' id='word_1_187' title='bbox 377 2797 447 2823; x_wconf 64' lang='lat'><strong>”⁶⁰³⁵</strong></span> <span class='ocrx_word' id='word_1_188' title='bbox 473 2802 560 2872; x_wconf 79' lang='lat' dir='ltr'>(infra</span> <span class='ocrx_word' id='word_1_189' title='bbox 584 2821 659 2876; x_wconf 81' lang='lat' dir='ltr'>uenas</span> <span class='ocrx_word' id='word_1_190' title='bbox 685 2801 781 2856; x_wconf 76' lang='lat' dir='ltr'>charta</span> <span class='ocrx_word' id='word_1_191' title='bbox 804 2809 846 2856; x_wconf 83' lang='lat' dir='ltr'>est</span> <span class='ocrx_word' id='word_1_192' title='bbox 868 2803 975 2866; x_wconf 83' lang='lat' dir='ltr'>lacera,</span> <span class='ocrx_word' id='word_1_193' title='bbox 1007 2803 1205 2873; x_wconf 81' lang='lat' dir='ltr'>suprascripsit</span> <span class='ocrx_word' id='word_1_194' title='bbox 1228 2819 1262 2855; x_wconf 85' lang='lat' dir='ltr'>m.</span> <span class='ocrx_word' id='word_1_195' title='bbox 1287 2803 1356 2869; x_wconf 79' lang='lat' dir='ltr'>rec.)</span> 
     </span>
    </p>
   </div>
   <div class='ocr_carea' id='block_1_5' title="bbox 233 2890 1470 3478">
    <p class='ocr_par' dir='ltr' id='par_1_5' title="bbox 233 2890 1470 2962">
     <span class='ocr_line' id='line_1_23' title="bbox 233 2890 1470 2962; baseline -0.002 -17"><span class='ocrx_word' id='word_1_196' title='bbox 233 2893 368 2945; x_wconf 83' lang='lat' dir='ltr'>3suffudit</span> <span class='ocrx_word' id='word_1_197' title='bbox 474 2892 536 2944; x_wconf 69' lang='lat' dir='ltr'>lre</span> <span class='ocrx_word' id='word_1_198' title='bbox 555 2894 637 2942; x_wconf 89' lang='lat' dir='ltr'>cidere</span> <span class='ocrx_word' id='word_1_199' title='bbox 662 2891 735 2961; x_wconf 80' lang='lat' dir='ltr'>(post</span> <span class='ocrx_word' id='word_1_200' title='bbox 759 2909 785 2942; x_wconf 90' lang='lat' dir='ltr'>re</span> <span class='ocrx_word' id='word_1_201' title='bbox 801 2893 889 2959; x_wconf 80' lang='lat' dir='ltr'>fuitc</span> <span class='ocrx_word' id='word_1_202' title='bbox 913 2892 1022 2962; x_wconf 80' lang='lat' dir='ltr'>punctis</span> <span class='ocrx_word' id='word_1_203' title='bbox 1040 2890 1144 2959; x_wconf 81' lang='lat' dir='ltr'>notata)</span> <span class='ocrx_word' id='word_1_204' title='bbox 1191 2907 1200 2930; x_wconf 71' lang='lat'>³</span> <span class='ocrx_word' id='word_1_205' title='bbox 1253 2890 1365 2944; x_wconf 71' lang='lat' dir='ltr'>&amp;irasci</span> <span class='ocrx_word' id='word_1_206' title='bbox 1383 2908 1411 2943; x_wconf 88' lang='lat' dir='ltr'>se</span> <span class='ocrx_word' id='word_1_207' title='bbox 1433 2893 1470 2959; x_wconf 86' lang='lat' dir='ltr'>(se</span> 
     </span>
    </p>

    <p class='ocr_par' dir='ltr' id='par_1_6' title="bbox 235 2981 1388 3048">
     <span class='ocr_line' id='line_1_24' title="bbox 235 2981 1388 3048; baseline 0.001 -16"><span class='ocrx_word' id='word_1_208' title='bbox 235 2981 320 3046; x_wconf 59' lang='lat' dir='ltr'>corr)</span> <span class='ocrx_word' id='word_1_209' title='bbox 406 2981 439 3034; x_wconf 86' lang='grc'>10</span> <span class='ocrx_word' id='word_1_210' title='bbox 458 2982 617 3031; x_wconf 89' lang='lat' dir='ltr'>immemores</span> <span class='ocrx_word' id='word_1_211' title='bbox 702 2983 807 3030; x_wconf 90' lang='lat' dir='ltr'>minima</span> <span class='ocrx_word' id='word_1_212' title='bbox 826 2983 851 3047; x_wconf 87' lang='lat' dir='ltr'>(a</span> <span class='ocrx_word' id='word_1_213' title='bbox 870 2982 953 3042; x_wconf 81' lang='lat' dir='ltr'>corr.)</span> <span class='ocrx_word' id='word_1_214' title='bbox 1037 2981 1065 3034; x_wconf 87' lang='grc'>13</span> <span class='ocrx_word' id='word_1_215' title='bbox 1086 2997 1219 3046; x_wconf 83' lang='lat' dir='ltr'>exuperans</span> <span class='ocrx_word' id='word_1_216' title='bbox 1242 2981 1281 3048; x_wconf 88' lang='lat' dir='ltr'>(ex</span> <span class='ocrx_word' id='word_1_217' title='bbox 1300 2982 1388 3048; x_wconf 78' lang='lat' dir='ltr'>corr.)</span> 
     </span>
    </p>

    <p class='ocr_par' dir='ltr' id='par_1_7' title="bbox 237 3068 1464 3138">
     <span class='ocr_line' id='line_1_25' title="bbox 237 3068 1464 3138; baseline 0 -17"><span class='ocrx_word' id='word_1_218' title='bbox 237 3069 270 3121; x_wconf 74' lang='grc'>14</span> <span class='ocrx_word' id='word_1_219' title='bbox 290 3073 389 3120; x_wconf 89' lang='lat' dir='ltr'>affectus</span> <span class='ocrx_word' id='word_1_220' title='bbox 469 3070 502 3123; x_wconf 84' lang='grc'>16</span> <span class='ocrx_word' id='word_1_221' title='bbox 522 3072 618 3119; x_wconf 85' lang='lat' dir='ltr'>iacuere</span> <span class='ocrx_word' id='word_1_222' title='bbox 638 3069 675 3135; x_wconf 75' lang='lat' dir='ltr'>(in</span> <span class='ocrx_word' id='word_1_223' title='bbox 694 3069 760 3138; x_wconf 82' lang='lat' dir='ltr'>ras.)</span> <span class='ocrx_word' id='word_1_224' title='bbox 840 3073 970 3120; x_wconf 85' lang='lat' dir='ltr'>auaritiam</span> <span class='ocrx_word' id='word_1_225' title='bbox 992 3070 1061 3137; x_wconf 90' lang='lat' dir='ltr'>(tiam</span> <span class='ocrx_word' id='word_1_226' title='bbox 1080 3070 1107 3121; x_wconf 77' lang='lat' dir='ltr'>itt</span> <span class='ocrx_word' id='word_1_227' title='bbox 1127 3069 1195 3135; x_wconf 85' lang='lat' dir='ltr'>ras.)</span> <span class='ocrx_word' id='word_1_228' title='bbox 1275 3068 1308 3122; x_wconf 87' lang='grc'>17</span> <span class='ocrx_word' id='word_1_229' title='bbox 1328 3071 1464 3134; x_wconf 69' lang='lat' dir='ltr'>minimfiq3</span> 
     </span>
    </p>

    <p class='ocr_par' dir='ltr' id='par_1_8' title="bbox 233 3155 1465 3228">
     <span class='ocr_line' id='line_1_26' title="bbox 233 3155 1465 3228; baseline 0.002 -21"><span class='ocrx_word' id='word_1_230' title='bbox 233 3160 319 3224; x_wconf 68' lang='lat' dir='ltr'>(maqt</span> <span class='ocrx_word' id='word_1_231' title='bbox 335 3158 363 3211; x_wconf 81' lang='lat' dir='ltr'>in</span> <span class='ocrx_word' id='word_1_232' title='bbox 381 3175 445 3222; x_wconf 84' lang='lat' dir='ltr'>ras,</span> <span class='ocrx_word' id='word_1_233' title='bbox 462 3157 519 3226; x_wconf 80' lang='lat' dir='ltr'>suit</span> <span class='ocrx_word' id='word_1_234' title='bbox 531 3157 604 3226; x_wconf 85' lang='lat' dir='ltr'>miq;)</span> <span class='ocrx_word' id='word_1_235' title='bbox 624 3157 684 3212; x_wconf 55' lang='lat' dir='ltr'>cod,</span> <span class='ocrx_word' id='word_1_236' title='bbox 705 3157 777 3212; x_wconf 83' lang='lat' dir='ltr'>unde</span> <span class='ocrx_word' id='word_1_237' title='bbox 795 3161 944 3224; x_wconf 85' lang='lat' dir='ltr'>minimeque</span> <span class='ocrx_word' id='word_1_238' title='bbox 961 3159 1067 3228; x_wconf 73' lang='lat' dir='ltr'>scrrpsi,</span> <span class='ocrx_word' id='word_1_239' title='bbox 1087 3156 1162 3227; x_wconf 82' lang='lat' dir='ltr'>quod</span> <span class='ocrx_word' id='word_1_240' title='bbox 1179 3165 1220 3211; x_wconf 83' lang='lat' dir='ltr'>est</span> <span class='ocrx_word' id='word_1_241' title='bbox 1239 3158 1266 3209; x_wconf 66' lang='grc' dir='ltr'>ἐκ</span> <span class='ocrx_word' id='word_1_242' title='bbox 1281 3155 1308 3210; x_wconf 84' lang='grc' dir='ltr'><em>Ε</em></span> <span class='ocrx_word' id='word_1_243' title='bbox 1313 3159 1322 3193; x_wconf 77' lang='lat'>¹</span> <span class='ocrx_word' id='word_1_244' title='bbox 1341 3165 1370 3210; x_wconf 80' lang='lat' dir='ltr'>et</span> <span class='ocrx_word' id='word_1_245' title='bbox 1384 3155 1465 3211; x_wconf 81' lang='lat' dir='ltr'>Gertz</span> 
     </span>
    </p>

    <p class='ocr_par' dir='ltr' id='par_1_9' title="bbox 236 3245 1468 3317">
     <span class='ocr_line' id='line_1_27' title="bbox 236 3245 1468 3317; baseline 0.001 -18"><span class='ocrx_word' id='word_1_246' title='bbox 236 3263 343 3316; x_wconf 80' lang='lat' dir='ltr'>quoque</span> <span class='ocrx_word' id='word_1_247' title='bbox 356 3245 448 3309; x_wconf 79' lang='lat' dir='ltr'>uoluit,</span> <span class='ocrx_word' id='word_1_248' title='bbox 467 3263 631 3316; x_wconf 80' lang='lat' dir='ltr'>quamquam</span> <span class='ocrx_word' id='word_1_249' title='bbox 644 3247 750 3316; x_wconf 80' lang='lat' dir='ltr'>aliquid</span> <span class='ocrx_word' id='word_1_250' title='bbox 762 3248 886 3317; x_wconf 77' lang='lat' dir='ltr'>scrupuli</span> <span class='ocrx_word' id='word_1_251' title='bbox 902 3248 977 3300; x_wconf 77' lang='lat' dir='ltr'>inicit</span> <span class='ocrx_word' id='word_1_252' title='bbox 996 3245 1030 3301; x_wconf 82' lang='lat' dir='ltr'>de</span> <span class='ocrx_word' id='word_1_253' title='bbox 1049 3246 1123 3301; x_wconf 78' lang='lat' dir='ltr'>bren.</span> <span class='ocrx_word' id='word_1_254' title='bbox 1143 3247 1189 3300; x_wconf 81' lang='lat' dir='ltr'>uit.</span> <span class='ocrx_word' id='word_1_255' title='bbox 1211 3249 1234 3310; x_wconf 85' lang='lat'>1,</span> <span class='ocrx_word' id='word_1_256' title='bbox 1255 3249 1266 3296; x_wconf 90' lang='lat'>1</span> <span class='ocrx_word' id='word_1_257' title='bbox 1288 3248 1403 3313; x_wconf 83' lang='lat' dir='ltr'>minime,</span> <span class='ocrx_word' id='word_1_258' title='bbox 1421 3245 1468 3300; x_wconf 75' lang='lat' dir='ltr'>ubi</span> 
     </span>
    </p>

    <p class='ocr_par' dir='ltr' id='par_1_10' title="bbox 233 3333 1464 3478">
     <span class='ocr_line' id='line_1_28' title="bbox 233 3333 1464 3400; baseline 0.002 -14"><span class='ocrx_word' id='word_1_259' title='bbox 233 3336 372 3389; x_wconf 76' lang='lat' dir='ltr'>eiuras.</span> <span class='ocrx_word' id='word_1_260' title='bbox 470 3335 502 3388; x_wconf 77' lang='grc'>’17</span> <span class='ocrx_word' id='word_1_261' title='bbox 521 3338 639 3386; x_wconf 87' lang='lat' dir='ltr'>adactam</span> <span class='ocrx_word' id='word_1_262' title='bbox 659 3335 808 3400; x_wconf 74' lang='lat' dir='ltr'>Michaelis,</span> <span class='ocrx_word' id='word_1_263' title='bbox 830 3334 925 3390; x_wconf 79' lang='lat' dir='ltr'>Gertz:</span> <span class='ocrx_word' id='word_1_264' title='bbox 947 3338 1037 3386; x_wconf 87' lang='lat' dir='ltr'>adacta</span> <span class='ocrx_word' id='word_1_265' title='bbox 1133 3333 1165 3388; x_wconf 85' lang='grc'>18</span> <span class='ocrx_word' id='word_1_266' title='bbox 1184 3337 1236 3392; x_wconf 85' lang='lat' dir='ltr'>reb3</span> <span class='ocrx_word' id='word_1_267' title='bbox 1257 3351 1284 3400; x_wconf 92' lang='lat' dir='ltr'>q;</span> <span class='ocrx_word' id='word_1_268' title='bbox 1305 3335 1329 3400; x_wconf 76' lang='lat'>(5</span> <span class='ocrx_word' id='word_1_269' title='bbox 1351 3335 1380 3388; x_wconf 78' lang='lat' dir='ltr'>t&#39;n</span> <span class='ocrx_word' id='word_1_270' title='bbox 1398 3335 1464 3399; x_wconf 78' lang='lat' dir='ltr'>ras.)</span> 
     </span>
     <span class='ocr_line' id='line_1_29' title="bbox 310 3424 463 3478; baseline -0.039 0"><span class='ocrx_word' id='word_1_271' title='bbox 310 3424 344 3478; x_wconf 80' lang='lat'>20</span> <span class='ocrx_word' id='word_1_272' title='bbox 363 3427 463 3474; x_wconf 87' lang='lat' dir='ltr'>affectus</span> 
     </span>
    </p>
   </div>
   <div class='ocr_carea' id='block_1_6' title="bbox 0 0 1537 5078">
    <p class='ocr_par' dir='ltr' id='par_1_11' title="bbox 0 0 1537 5078">
     <span class='ocr_line' id='line_1_30' title="bbox 0 0 1537 5078; baseline 0 0"><span class='ocrx_word' id='word_1_273' title='bbox 0 0 1537 5078; x_wconf 95' lang='lat' dir='ltr'> </span> 
     </span>
    </p>
   </div>
  </div>
 </body>
</html>
