3046 5092
271 347 350 391 orna.
362 349 410 392 vu.
438 347 479 390 nn
495 349 672 390 onuarouau
687 350 812 390 navum
827 350 934 395 aunan.
964 353 995 396 n.
1012 353 1044 395 n.
1059 354 1091 394 ro.
1239 359 1296 418 171

79 495 198 578 perueni
230 497 271 558 ad
301 495 486 570 sanitatem,
510 516 549 556 ne
572 496 753 577 perueniam
777 497 914 576 quidem.
962 495 1174 560 delenimenta
1196 500 1298 578 magis

78 622 166 686 quam
205 603 347 665 remedia
383 602 546 683 podagrae
585 624 675 665 meae
714 623 879 685 conpono,
918 612 1104 680 contentus,
1142 604 1166 665 si
1201 607 1299 668 rarius

77 711 192 773 accedit
215 719 248 772 et
271 711 297 771 si
320 711 422 772 minus
446 710 652 773 uerminatur:
678 711 789 773 uestris
804 712 932 791 quidem
949 712 1084 793 pedibus
1099 721 1298 792 conparatus

77 816 206 892 debiles,
238 839 346 881 cursor
368 839 447 880 sum.
494 816 573 880 haec
595 838 659 879 non
682 839 742 899 pro
767 839 819 880 me
842 818 965 901 loquor,
975 836 1050 901 'ego
1074 821 1157 881 enim
1180 820 1210 880 in
1234 818 1303 882 aito-

76 925 217 987 uitiorum
241 925 382 987 omnium
405 946 485 1000 sum,
508 925 566 987 sed
589 945 647 1005 pro
672 924 733 1000 illo,
757 926 805 987 cui
828 925 944 1007 aliquid
968 927 1028 989 acti
1053 934 1108 989 est.
1312 944 1348 1012 y

159 1032 275 1094 XVIII.
315 1030 434 1108 Aliter,
465 1031 579 1113 inquit,
611 1032 756 1114 loqueris,
780 1032 868 1095 aliter
891 1034 976 1095 uiuIs
1031 1033 1108 1108 hoc,
1141 1032 1298 1114 malignis-

75 1143 150 1202 sima
172 1138 277 1220 capita
299 1148 332 1202 et
355 1139 478 1220 optimo
507 1126 617 1220 cuique
648 1139 875 1214 inimicissima,
899 1138 1022 1203 Platoni
1053 1140 1214 1203 obiectum
1244 1150 1299 1216 est,

75 1247 232 1309 obiectum
265 1245 422 1326 Epicuro,
453 1246 613 1308 obiectum
637 1246 765 1308 Zenoni.
812 1267 925 1308 omnes
957 1250 1040 1309 enim
1071 1248 1120 1309 isti
1151 1248 1300 1310 dicebant

75 1374 134 1416 non
157 1353 432 1434 quemadmodum
455 1355 513 1434 ipsi
535 1357 691 1428 uiuerent,
714 1353 772 1414 sed
795 1354 1068 1433 quemadmodum
1094 1364 1178 1416 esset
1202 1353 1297 1435 [ipsis]

76 1460 248 1521 uiuendum.
280 1459 321 1521 de
345 1462 467 1533 uirtute,
491 1480 554 1521 non
578 1460 620 1521 de
643 1479 695 1520 me
718 1459 841 1539 loquor,
866 1468 993 1522 etcum
1018 1460 1099 1542 uitiis
1122 1463 1298 1524 conuicium
1318 1476 1340 1516 ιο

76 1566 159 1641 saci0,
183 1567 214 1627 in
236 1567 344 1647 primis
369 1569 446 1629 meis
470 1565 566 1629 facio:
594 1587 665 1628 cum
690 1576 834 1647 potuero,
858 1569 961 1629 uiuam
978 1568 1144 1648 quomodo
1161 1575 1299 1648 oportet.

75 1694 128 1736 nec
152 1672 330 1755 malignitas
355 1693 407 1734 me
430 1676 491 1735 ista
514 1672 616 1736 multo
640 1693 763 1735 ueneno
786 1677 885 1736 tincta
909 1673 1081 1737 deterrebit
1104 1674 1146 1736 ab
1161 1677 1297 1755 optimis.

75 1801 110 1842 ne
139 1783 223 1843 uirus
245 1781 374 1861 quidem
397 1781 498 1855 istud,
529 1801 593 1860 quo
617 1779 694 1843 aiios
717 1783 881 1861 spargitiS,
912 1801 976 1862 quo
999 1801 1057 1842 uos
1080 1783 1216 1856 necatis,
1247 1801 1300 1843 me

75 1888 227 1969 inpediet,
258 1908 322 1967 quo
354 1890 456 1949 minus
487 1908 688 1968 perseuerem
719 1886 848 1949 laudare
871 1890 986 1964 uitam,
1017 1908 1201 1969 nonquam
1227 1908 1300 1969 ago

74 1995 128 2056 sed
151 2015 247 2076 quam
271 1994 430 2074 agendam
455 1996 529 2069 sci0,
553 2014 617 2075 quo
641 1997 743 2056 minus
767 1997 915 2057 uirtutem
940 1995 1072 2057 adorem
1097 2004 1129 2057 et
1145 2015 1187 2056 ex
1203 1998 1298 2058 inter·
1317 2010 1340 2051 1⁵

12 2109 57 2163 3
74 2100 154 2165 uallo
177 2103 298 2182 Ingenti
322 2101 538 2181 reptabundus
561 2121 683 2180 sequar.
720 2100 900 2182 expectabo
924 2100 1050 2176 scilicet,
1074 2112 1109 2165 ut
1131 2104 1299 2184 quicquam

74 2206 305 2271 maliuolentiae
329 2205 514 2270 inuiolatum
538 2210 588 2282 sit,
614 2211 662 2270 cui
686 2229 774 2270 sacer
797 2226 856 2270 nec
878 2208 1013 2271 Rutilius
1036 2207 1092 2270 fuit
1115 2229 1173 2270 nec
1198 2207 1300 2271 Cato?

74 2325 158 2377 curet
181 2314 299 2395 aliquiS,
323 2335 363 2376 an
387 2316 453 2376 istis
477 2317 568 2377 nimis
592 2315 680 2377 diues
702 2317 853 2392 uideatur,
877 2315 990 2396 quibus
1006 2316 1188 2378 Demetrius
1205 2314 1299 2394 Cyni-

74 2443 124 2484 cus
148 2441 261 2502 parum
285 2441 406 2501 pauper
430 2424 498 2484 est?
523 2412 623 2484 uirum
649 2424 835 2485 acerrimum
859 2432 892 2485 et
916 2431 1027 2484 contra
1050 2425 1156 2485 omnia
1172 2430 1301 2485 naturae

74 2528 229 2592 desideria
243 2535 448 2609 pugnantem,
471 2527 535 2590 hoc
549 2531 769 2609 pauperiorem
785 2550 881 2610 quam
898 2516 1022 2592 ceteros
1040 2528 1186 2610 Cynicos
1203 2529 1299 2610 quod,
1314 2543 1340 2583 2⁰

75 2657 142 2699 cum
173 2635 234 2698 sibi
264 2635 463 2697 interdixerit
493 2633 628 2710 habere,
659 2636 824 2698 interdixit
848 2645 880 2697 et
903 2656 1051 2716 poscere,
1081 2645 1200 2716 negant
1223 2638 1300 2698 satis

74 2749 174 2824 egere.
221 2742 310 2804 uides
341 2742 445 2802 enim?
483 2762 548 2803 non
579 2744 701 2804 uirtutis
739 2744 905 2805 scientiam
943 2743 1001 2804 sed
1037 2745 1188 2823 egestatis
1225 2762 1299 2822 pro-

73 2849 170 2912 fessus
195 2857 252 2910 est.
1177 2843 1180 2847 ’
1279 2924 1281 2928 ¹

47 2969 58 3021 1
112 2968 114 2973 ’
160 2954 249 3017 ΧΙΧ.
295 2955 490 3030 Diodorum,
515 2955 705 3036 Epicureum
729 2955 973 3037 philosophum,
1002 2959 1054 3036 qui
1077 2958 1160 3018 intra
1182 2976 1300 3036 paucos

74 3064 139 3127 dies
162 3061 259 3125 finem
284 3065 368 3125 uitae
390 3082 466 3124 suae
490 3082 584 3124 manu
607 3057 668 3125 sua
687 3065 840 3143 inposuit,
864 3072 981 3144 negant
1005 3084 1047 3125 ex
1071 3063 1201 3125 decreto
1224 3062 1299 3143 Epi·
1315 3077 1340 3116 2⁵

75 3311 88 3364 1
113 3311 214 3378 perueni
239 3311 266 3362 et
282 3310 424 3374 perueniam
444 3306 607 3362 deteriores:
635 3312 720 3375 puenit
738 3313 766 3364 et
783 3311 885 3375 pueniat
1011 3310 1027 3362 2
1050 3325 1175 3375 compono

76 3399 258 3453 3uerminatur
276 3394 416 3451 Muretus:
444 3400 609 3448 ueraminatur
699 3405 855 3464 comparatus
875 3396 1041 3453 deteriores:
1063 3401 1218 3464 consparatui

75 3488 90 3541 4
113 3488 209 3539 debiles
230 3483 401 3541 Gronovius:
422 3488 511 3537 debilis
613 3505 696 3538 cursor
716 3489 755 3554 (or
773 3487 801 3540 in
819 3487 887 3555 ras.)
984 3490 1116 3554 egoenim
1135 3486 1233 3559 uulqo:
1261 3496 1302 3540 eni

76 3593 120 3644 ego
140 3577 266 3647 (praeter
283 3593 317 3642 go
336 3575 363 3630 iu
382 3577 448 3643 rar.)
473 3575 561 3630 itaut
580 3576 703 3630 conicere
729 3574 811 3630 liceat
834 3594 892 3626 nam
918 3594 980 3643 eg03
1007 3576 1044 3646 cs.
1065 3575 1099 3630 de
1116 3576 1161 3630 ira
1179 3581 1204 3645 3,
1226 3580 1266 3640 12,
1285 3575 1302 3629 7

77 3670 111 3728 tu,
130 3665 217 3732 inquit,
237 3665 388 3731 Speusippe,
414 3666 534 3715 seruulum
555 3667 626 3716 istum
646 3667 787 3717 uerberibus
811 3667 931 3732 obiurga:
958 3683 1016 3716 nam
1036 3683 1083 3732 ego
1102 3668 1197 3716 irascor

29 3793 33 3800 .
77 3753 204 3821 baliquid
222 3753 251 3821 (d
271 3769 309 3806 ex
328 3764 337 3804 t
356 3755 440 3821 corr.)
532 3754 644 3820 diuquit
663 3753 761 3825 uulgo:
783 3757 862 3822 inquis
934 3755 1028 3821 bipsis
1046 3753 1158 3809 traduxit
1170 3753 1302 3821 Muretus,

17 3829 21 3842 ⁸
77 3857 161 3912 neque
186 3840 256 3896 em'm
281 3840 368 3896 solum
394 3842 474 3912 r'psr's,
504 3841 554 3896 sed
576 3842 637 3897 aliz's
661 3859 783 3913 quoque,
807 3843 1033 3914 quemadmodum
1059 3844 1197 3911 uiuerent,
1217 3858 1301 3914 prae-

78 3930 211 4002 ripuham
300 3931 333 3985 13
353 3949 397 3981 uos
415 3934 507 3982 necatis
528 3931 693 3987 deteriores:
714 3951 758 3984 uos
777 3936 873 4000 negatis
892 3934 974 4000 (trater
991 3951 1035 3984 uos
1054 3937 1080 3986 et
1097 3935 1193 3998 negatis
1207 3946 1302 4002 parua

79 4018 193 4087 bruna).
222 4017 439 4090 RecteLipsr‘us:
461 4020 566 4074 inuidia
584 4038 716 4076 ueternum
736 4038 815 4076 suum
834 4022 896 4094 Ipsa
915 4021 981 4077 brou
1063 4038 1103 4071 me
1121 4022 1238 4085 impediet
1257 4018 1302 4072 de-

80 4108 207 4164 teriores:
228 4126 259 4160 ne
277 4111 387 4174 inpediet
478 4110 510 4162 15
529 4113 641 4162 uirtutem
661 4114 764 4162 adorem
784 4110 844 4169 cod.
864 4116 891 4166 ct
907 4115 1015 4166 ueteres
1026 4108 1171 4171 editiones,
1189 4105 1303 4162 Fickert

81 4203 104 4251 ct
120 4196 213 4253 Haase
238 4200 341 4248 adorem
356 4199 607 4268 praetermiserunt
703 4200 736 4255 18
761 4207 827 4252 curet
845 4199 954 4254 Haase:
976 4204 1058 4255 curet
1161 4196 1193 4250 19
1218 4203 1303 4255 nature

164 4287 199 4341 22
217 4289 286 4338 uides
305 4289 387 4337 enim?
406 4288 481 4357 quod
498 4288 571 4343 redit
589 4295 704 4359 quaesit.
718 4295 778 4346 aut·
787 4293 812 4352 7,
827 4292 868 4356 27,
881 4293 897 4341 4
911 4287 1010 4340 r'm'urr'a
1022 4289 1164 4355 suspectat
1176 4283 1300 4355 Marinum

84 4374 169 4445 aliquo
187 4376 268 4431 modo
286 4376 372 4432 simile
391 4393 451 4448 epp.
467 4381 508 4440 Π,
524 4380 556 4430 18
576 4380 656 4428 uiuere
675 4380 726 4428 uis:
748 4380 795 4428 scis
814 4378 896 4427 enim?
988 4372 1022 4427 24
1038 4365 1166 4440 ¹epicurum
1180 4374 1302 4425 filososum

167 4465 200 4519 25
219 4468 335 4532 imposuit
