3046 5092
159 298 199 358 2ss
432 293 510 334 blau.
532 293 560 332 11.
583 292 622 331 ab
640 291 781 332 SERENVM
802 291 860 333 NEC
881 291 1022 332 {eranM
1041 292 1102 334 Nee

156 443 332 514 faueamuS,
363 440 498 500 obsecro
531 460 602 512 uos,
636 439 706 499 huic
736 440 902 520 proposito
930 439 1100 520 aequisque
1137 447 1170 501 et
1209 441 1309 504 animis
1332 419 1401 499 es*

156 546 282 607 auribus
314 547 470 619 adsimuS,
503 546 578 607 dum
608 545 731 626 sapiens
761 546 887 608 iniuriae
918 546 1090 627 excipitur:
1123 567 1183 608 nec
1213 547 1373 628 quicquan¹

157 655 229 715 ideo
253 653 444 734 petulantiae
469 662 592 714 uestrae
619 662 674 714 aut
706 653 911 732 rapacissimis
939 653 1162 733 cupiditatibus
1192 663 1246 714 aut
1269 633 1375 714 caecae

157 760 324 822 temeritati
353 760 580 840 superbiaeque
604 758 785 820 detrahitur.
825 758 917 820 saluis
933 760 1013 820 uitiis
1030 761 1140 821 uestris
1156 759 1236 822 haec
1252 761 1365 841 sapienti

131 866 283 928 elibertas
307 867 472 946 quaeritur.
518 887 582 926 non
600 875 633 927 ut
649 865 740 926 uobis
764 864 866 927 lacere
882 886 946 926 non
969 865 1060 928 liceat
1075 867 1226 941 iniuriam,
1251 868 1368 948 agimus,

156 975 212 1034 sed
242 983 275 1034 ut
308 971 357 1033 ille
388 992 496 1033 omnes
528 973 649 1033 iniurias
682 973 712 1033 in
743 963 841 1033 altum
871 974 1017 1034 demittat
1044 973 1259 1054 patientiaque
1288 995 1371 1035 scae

156 1079 372 1159 magnitudine
403 1079 497 1139 animi
525 1078 680 1140 defendat.
734 1080 777 1140 sic
808 1081 838 1139 in
870 1079 1092 1140 certaminibus
1123 1081 1219 1141 sacris
1243 1080 1401 1162 plerique!

156 1187 296 1247 uicerunt
325 1186 521 1247 caedentium
551 1207 659 1246 manus
683 1187 842 1247 obstinata
864 1187 1013 1266 patientia
1035 1185 1220 1266 fatigando:
1256 1209 1298 1248 ex
1320 1187 1374 1249 hoc

155 1302 232 1372 puta
262 1313 378 1371 genere
406 1293 579 1373 sapientem
613 1314 737 1366 eorum,
766 1294 819 1373 qui
850 1293 1074 1354 exercitatione
1103 1292 1201 1373 longa
1231 1314 1271 1355 ac
1300 1294 1375 1356 fideli

118 1413 141 1452 ¹⁰
156 1399 251 1459 robur
273 1400 469 1479 perpetiendi
485 1398 682 1480 lassandique
705 1420 834 1461 omnem
859 1400 1014 1460 inimicam
1031 1400 1093 1460 uim
1119 1402 1281 1462 consecuti
1304 1410 1376 1463 sunt.

244 1507 283 1567 X.
330 1505 489 1586 Quoniam
527 1507 664 1587 priorem
703 1515 825 1587 partem
864 1507 1126 1587 percucurrimus,
1170 1508 1213 1568 ad
1251 1507 1401 1570 alteramt

156 1623 360 1687 transeamus,
384 1635 446 1693 qua
468 1613 656 1694 quibusdam
688 1615 835 1694 propriiS,
866 1613 1019 1694 plerisque
1052 1633 1128 1674 uero
1161 1615 1377 1676 communibus

156 1721 379 1782 contumeliam
412 1720 626 1782 refutabimus.
672 1730 719 1782 est
750 1722 851 1782 minor
882 1721 1005 1794 iniuria,
1036 1740 1131 1800 quam
1163 1721 1251 1801 queri
1284 1723 1377 1802 magis

156 1849 251 1908 quarn
277 1829 392 1908 exequi
408 1849 586 1909 possumus
609 1848 704 1908 quam
729 1827 816 1907 leges
832 1848 959 1908 quoque
982 1826 1066 1888 nulla
1090 1828 1221 1907 dignam
1246 1829 1377 1890 uindicta

120 1955 142 1993 n
157 1943 353 2014 putauerunt.
395 1935 478 1996 hunc
501 1935 659 1997 adlectum
685 1944 791 1996 mouet
814 1934 970 1995 humilitas
991 1935 1085 1995 animi
1108 1933 1325 1996 contrahentis
1347 1942 1401 1997 set

156 2041 199 2100 ob
223 2042 342 2101 dictum
375 2041 532 2102 factumue
564 2039 822 2102 inhonorificum:
863 2040 913 2102 ille
942 2062 993 2102 me
1026 2040 1120 2102 hodie
1152 2061 1216 2102 non
1248 2043 1377 2115 admisit,

156 2167 227 2207 cum
251 2145 328 2207 alios
352 2147 550 2220 admitteret;
586 2156 618 2207 et
641 2168 821 2209 sermonem
846 2169 952 2210 meum
984 2157 1038 2209 aut
1061 2147 1197 2228 superbe
1221 2159 1377 2211 auersatus

156 2261 204 2313 est
227 2262 281 2313 aut
303 2253 407 2333 palam
431 2252 512 2326 risit;
545 2264 576 2313 et
600 2274 663 2313 non
687 2255 715 2314 in
741 2256 847 2315 medio
872 2275 923 2316 me
947 2252 1044 2327 lecta,
1076 2255 1133 2315 sed
1164 2255 1195 2315 in
1218 2256 1285 2316 imo
1309 2277 1376 2318 con-

156 2358 288 2438 locauit,
327 2368 360 2420 et
394 2359 454 2421 alia
489 2359 578 2421 huius
610 2369 719 2434 notae,
758 2382 839 2441 quae
877 2363 953 2441 quid
990 2375 1114 2438 uocem¹
1139 2362 1196 2422 nisi
1228 2362 1377 2441 querellas

117 2485 143 2524 πο
157 2466 327 2528 nausiantis
359 2467 469 2528 animi?
501 2467 531 2527 in
562 2487 643 2546 quae
670 2466 734 2528 fere
766 2467 889 2528 delicati
921 2476 952 2528 et
984 2466 1087 2528 felices
1122 2468 1271 2529 incidunt.
1319 2489 1377 2529 non

157 2582 248 2634 uacat
280 2575 361 2634 enim
393 2574 472 2635 haec
503 2582 612 2634 notare
641 2575 691 2634 'cui
721 2575 829 2654 peiora
859 2575 981 2636 instant.
1033 2575 1129 2635 nimio
1160 2576 1227 2635 otio
1259 2575 1401 2655 ingeniat

157 2692 268 2741 natura
289 2681 411 2740 infirma
435 2690 466 2742 et
487 2678 649 2742 muliebria
673 2690 705 2742 et
728 2682 832 2761 inopia
856 2701 948 2742 uerae
971 2682 1096 2743 iniuriae
1120 2680 1313 2744 lasciuientia
1335 2681 1377 2742 his

158 2797 407 2861 commouentur,
446 2809 580 2868 quorum
619 2809 691 2868 pars
730 2789 830 2849 maior
869 2797 993 2849 constat
1032 2789 1107 2849 uitio
1139 2783 1376 2869 interpretantis.

156 2894 261 2973 itaque
285 2915 342 2955 nec
366 2896 551 2975 prudentiae
574 2896 742 2976 quicquam
771 2897 800 2956 in
829 2916 862 2956 se
891 2916 960 2956 esse
991 2916 1049 2956 nec
1079 2895 1211 2956 fiduciae
1242 2896 1377 2958 ostendit

116 3017 141 3057 aa
156 3001 208 3080 qui
232 3002 423 3062 contumelia
445 3002 596 3063 adficitur.
643 3024 707 3064 non
731 3002 825 3063 dubie
850 3003 932 3063 enim
957 3010 1176 3082 contemptum
1200 3022 1235 3063 se
1259 3003 1379 3075 iudicat,

157 3104 261 3168 ethic
285 3129 408 3170 morsus
440 3122 518 3171 non·
534 3111 599 3170 sine
630 3112 768 3190 quadam
795 3108 969 3170 humilitate
1000 3110 1094 3170 animi
1126 3109 1230 3174 euenit
1261 3110 1377 3191 suppri-

156 3215 269 3274 mentis
300 3236 335 3275 se
362 3234 399 3275 ac
429 3217 668 3277 descendentis:
703 3217 827 3299 sapiens
859 3225 966 3277 autem
998 3236 1016 3276 a
1042 3214 1136 3276 nullo.
1161 3217 1378 3278 contemnitur.

156 3321 406 3400 magnitudinem
438 3341 527 3381 suam
560 3323 647 3383 nouit
678 3322 814 3402 nullique
846 3315 969 3384 tantum
1002 3324 1043 3383 de
1070 3343 1105 3383 se
1136 3321 1229 3382 licere
1262 3324 1379 3384 nuntiat

159 3533 168 3583 l
192 3538 214 3580 et
228 3533 315 3580 animis
329 3530 472 3598 (detritas.
486 3533 580 3602 inqua
593 3537 710 3602 apparet
723 3534 756 3600 et)
771 3537 868 3584 auribus
931 3535 1017 3587 3ideo
1033 3531 1059 3585 Ε
1067 3537 1089 3582 ¹:
1112 3535 1175 3582 adeo
1235 3535 1251 3584 b'
1272 3535 1381 3584 demittat

156 3670 210 3724 El:
233 3674 339 3747 dimittat
360 3675 378 3739 (i
397 3674 424 3725 in
442 3691 457 3724 e
476 3677 558 3741 corr.)
650 3677 822 3727 ticedentiuni
920 3677 954 3728 ltl
973 3630 1066 3741 figendi
1167 3675 1189 3725 ll
1213 3678 1381 3738 peucurrimus

156 3760 215 3814 cod.
235 3765 397 3826 percurrimus
415 3761 497 3832 ttulpo
595 3765 628 3816 -l2
648 3766 788 3830 quiqb;dia
905 3767 935 3817 lit
954 3765 1113 3813 refutabimus
1133 3762 1195 3815 olim
1214 3772 1381 3817 correctum:

156 3852 312 3900 refutauimus
408 3854 476 3916 queri
514 3877 516 3885 ·
569 3852 599 3904 lt
618 3869 746 3918 possumus
766 3851 929 3906 deteriores:
957 3855 1078 3917 possimus
1177 3852 1208 3902 lli
1235 3854 1269 3900 ob
1289 3855 1382 3904 dictum

155 3958 277 4007 factumue
298 3956 393 4011 Gertz:
415 3959 543 4007 obdiclum
562 3953 690 4010 factumfl·
791 3959 823 4011 l'i
848 3961 987 4008 admitteret
1012 3958 1128 4024 (mitteret
1148 3975 1182 4012 m.
1201 3956 1248 4010 aa.
1267 3965 1333 4027 post
1353 3960 1385 4009 ad

154 4044 179 4096 in
197 4046 253 4112 fine
271 4062 368 4098 uersas
393 4045 513 4109 addidit,
539 4047 614 4099 initia
639 4045 753 4100 atterius
776 4063 868 4116 parua
893 4046 993 4100 laeana
1018 4056 1043 4100 et
1063 4052 1172 4108 rasura)
1276 4055 1299 4096 et
1321 4056 1385 4101 (ade

154 4152 292 4186 sermonem
312 4135 444 4189 orationis
460 4133 554 4203 forma
574 4133 715 4189 declarata
735 4134 844 4190 addidit
864 4134 945 4189 Gertz
1016 4139 1049 4188 20
1069 4137 1161 4209 ‹lilii-ari
1182 4136 1200 4200 (ι
1219 4151 1247 4187 m
1266 4154 1280 4185 e
1299 4140 1383 4204 aare.)

245 4224 278 4276 23
298 4240 401 4289 quorum
421 4223 477 4276 Ei:
503 4225 603 4288 quaiuur
666 4225 728 4283 ,Ἠ
749 4227 928 4289 contempnitur
1017 4226 1051 4277 ‘28
1070 4227 1176 4289 nullique
1194 4232 1287 4273 tantum
1308 4227 1340 4274 de
1359 4245 1384 4276 se

157 4316 230 4362 licere
256 4313 347 4366 Haase
368 4330 468 4382 propr.
491 4312 601 4366 Viatist.
626 4317 690 4364 raas
712 4330 742 4382 p.
768 4312 796 4363 [υ
822 4328 859 4364 aaa
882 4311 962 4380 Vera.
983 4314 1047 4365 Aen.
1068 4318 1091 4374 o,
1113 4317 1162 4363 502
1189 4321 1297 4382 srrrnpta
1323 4331 1384 4368 esre

155 4402 320 4472 sipirisiaaait
