3046 5092
469 350 603 393 DlnL.IV.
635 351 675 392 DE
689 351 742 391 IRA
756 350 812 393 LIB.
827 350 856 392 ll.
887 352 946 392 7-9.
1285 354 1324 415 61

128 507 241 574 accusat,
264 518 346 580 quae
370 498 482 559 mereri
506 497 601 559 satius
624 495 688 558 fuit.
734 494 811 557 alius
835 516 906 557 cum
931 504 1032 557 matre
1056 496 1205 558 consistit.
1251 494 1328 557 alius

130 605 226 669 delator
249 605 338 666 uenit
366 605 432 666 eius
462 605 614 677 criminis,
647 603 732 664 cuius
762 601 955 664 manifestior
977 622 1048 663 reus
1072 612 1128 665 est.
1174 610 1207 664 et
1230 602 1327 663 iudex

131 712 306 774 damnaturus
336 730 418 791 quae
447 709 520 771 fecit
550 708 674 788 eligitur
697 717 729 770 et
752 728 871 770 corona
893 728 952 788 pro
984 708 1068 770 mala
1090 729 1184 770 causa
1206 715 1327 790 pugnat

130 818 229 901 patroni
247 836 329 878 uoce
352 823 508 896 corrupta.
558 875 560 878 ,
1195 881 1197 884 ,

110 931 119 983 1
194 923 273 1008 Vlll
322 920 408 1003 Quid
424 920 546 1002 singula
568 924 760 1002 persequor?
785 940 857 993 cum
874 922 987 984 uiden's
1008 920 1111 982 forum
1128 918 1366 980 multitudines

130 1027 249 1092 refertum
288 1036 321 1090 et
359 1036 471 1109 saepta
509 1047 661 1089 concursu
697 1028 800 1088 omnis
832 1025 1024 1108 frequentiae
1054 1026 1148 1108 plena
1179 1034 1211 1087 et
1241 1024 1326 1085 illum

131 1137 227 1210 circum,
249 1136 281 1197 in
304 1153 369 1215 quo
393 1133 566 1196 maximam
590 1135 637 1195 sui
660 1131 783 1215 partem
806 1132 942 1216 populus
966 1133 1121 1195 ostendit:
1152 1132 1216 1194 hoc
1238 1133 1326 1206 scito,

107 1242 177 1304 distic
195 1242 379 1304 tantundem
396 1259 466 1301 esse
485 1234 631 1301 uitiorum
654 1248 806 1321 quantum
829 1239 1003 1301 hominum.
1047 1241 1128 1302 inter
1150 1241 1227 1301 istos
1247 1256 1327 1319 quos
1373 1324 1376 1329 Ι

129 1357 229 1428 togatos
259 1345 347 1408 uides
377 1345 461 1407 nulla
490 1365 556 1427 pax
586 1356 642 1408 est.
697 1345 776 1407 alter
807 1347 838 1407 in
865 1344 989 1408 alterius
1013 1348 1144 1408 exitium
1167 1345 1229 1407 leui
1252 1364 1325 1405 con·
1414 1359 1428 1375 ·
1478 1364 1482 1371 ·

129 1455 218 1534 pendio
239 1453 370 1515 ducitur.
416 1451 490 1512 nulli
512 1453 569 1514 nisi
592 1472 634 1514 ex
655 1450 781 1514 alterius
804 1452 912 1514 iniuria
927 1462 1075 1535 quaestus
1097 1461 1155 1543 est.
1202 1450 1324 1513 felicem
1341 1473 1365 1512 10

79 1608 82 1615 .
130 1561 244 1635 oderunt,
267 1558 421 1621 infelicem
437 1566 652 1620 contemnunt.
700 1560 853 1621 maiorem
874 1568 1052 1639 grauantur,
1077 1559 1190 1621 minori
1214 1577 1326 1638 graues

79 1686 81 1691 ·
130 1676 187 1728 sunt.
225 1665 355 1728 diuersis
382 1664 580 1733 stimulantur
603 1665 833 1748 cupiditatibus.
879 1666 985 1728 omnia
1008 1666 1132 1748 perdita
1154 1665 1199 1726 ob
1222 1664 1326 1726 leuem

79 1826 83 1865 Ι
130 1771 297 1855 uoluptatem
313 1771 529 1854 praedamque
544 1776 681 1852 cupiunt.
727 1792 792 1833 non
813 1770 872 1834 alia
887 1792 982 1854 quam
998 1772 1030 1833 in
1045 1771 1121 1834 ludo
1137 1770 1325 1853 gladiatorio

79 1868 84 1955 l
109 1877 175 1941 tuta
199 1887 244 1941 est
275 1898 348 1939 cum
371 1877 474 1939 isdem
496 1878 667 1940 uiuentium
691 1880 969 1977 pugnantiumque.
1009 1877 1144 1940 ferarum
1167 1879 1226 1939 iste
1250 1898 1324 1939 con-

79 1966 84 2045 l
130 1993 214 2046 uentus
236 1993 292 2060 est,
316 1984 373 2045 nisi
396 1984 484 2064 quod
508 1983 577 2046 illae
592 1985 673 2046 inter
688 2004 723 2045 se
737 1984 881 2066 placidae
897 1993 969 2045 sunt
985 2004 1156 2066 morsuque
1179 1983 1325 2045 similium
1343 2001 1365 2041 u

83 2148 86 2155 .
130 2087 266 2165 abstinent,
288 2089 321 2152 hi
344 2099 453 2151 mutua
475 2091 664 2152 laceratione
686 2091 844 2152 satiantur.
890 2090 952 2154 hoc
974 2111 1038 2152 uno
1070 2091 1111 2152 ab
1142 2089 1327 2152 animalibus

131 2197 199 2257 mutis
225 2197 386 2270 differunt,
420 2196 508 2277 quod
538 2196 589 2258 illa
620 2206 841 2259 mansuescunt
872 2197 1039 2272 alentibus
1078 2197 1192 2258 horum
1223 2195 1326 2257 rabies

130 2297 191 2379 ipsos
210 2323 227 2365 a
248 2302 361 2385 quibus
384 2309 432 2364 est
455 2303 572 2365 nutrita
595 2304 780 2384 depascitur.

110 2414 119 2465 1
192 2409 241 2471 IX.
287 2409 470 2489 Numquam
500 2409 589 2470 irasci
626 2408 747 2471 desinet
785 2411 943 2491 sapienS.
965 2411 990 2472 si
1030 2409 1129 2472 semel
1166 2408 1322 2490 coeperit:

130 2515 208 2577 omnia
235 2515 405 2577 sceleribus
442 2535 479 2577 ac
515 2516 595 2577 uitiis
623 2516 717 2597 plena
747 2525 827 2579 sunt.
876 2516 948 2599 plus
985 2517 1193 2579 committitur
1230 2535 1325 2597 quam
1340 2531 1366 2571 to

130 2622 194 2694 quod
211 2621 310 2704 possit
333 2621 522 2682 coercitione
544 2622 654 2683 sanari.
702 2630 837 2685 certatur
860 2624 979 2704 ingenti
1006 2624 1146 2704 quodam
1170 2622 1326 2702 nequitiae

131 2727 286 2788 certamine:
313 2727 414 2789 maior
436 2727 551 2788 cotidie
573 2729 725 2808 peccandi
742 2728 909 2810 cupiditas
932 2730 1036 2791 minor
1058 2729 1246 2791 uerecundia
1269 2735 1326 2789 est.

131 2833 233 2912 expulso
257 2832 393 2895 melioris
409 2833 625 2915 aequiorisque
640 2843 795 2915 respectu,
819 2855 1020 2916 quocumque
1041 2836 1141 2896 uisum
1158 2842 1206 2895 est
1229 2832 1326 2895 libido

130 2951 154 2994 se
174 2939 309 3021 irpingi,
340 2958 399 3000 nec
429 2937 542 2999 furtiua
571 2939 634 3001 iam
665 2938 785 3001 scelera
815 2950 906 3004 sunt:
937 2942 1065 3022 'praeter
1102 2941 1212 3002 oculos
1243 2946 1327 3012 eunt,

131 3041 245 3126 adeoque
267 3046 299 3106 in
322 3043 481 3128 publicum
505 3045 600 3106 missa
630 3047 768 3126 nequitia
797 3055 846 3108 est
870 3056 901 3108 et
928 3049 958 3108 in
982 3048 1122 3109 omnium
1145 3045 1327 3128 pectoribus
1341 3062 1367 3102 rs

110 3149 230 3228 leualuit,
262 3161 297 3214 ut
331 3152 510 3214 innocentia
540 3170 605 3212 non
640 3172 725 3227 rara,
758 3153 815 3214 sed
853 3152 938 3215 nulla
967 3155 1014 3214 sit.
1060 3153 1213 3234 numquid
1244 3151 1326 3213 enim

79 3280 81 3287 .
130 3284 313 3303 x*-

79 3298 82 3331 ι

79 3354 81 3417 ξ
132 3352 224 3412 1nereri
242 3378 293 3415 cur
312 3359 501 3430 offendat-non
515 3360 604 3426 uideo,
629 3360 710 3416 modo
729 3365 820 3413 iudicia
839 3380 871 3417 en
890 3363 1031 3434 intelleqas
1049 3378 1119 3434 quae
1137 3361 1183 3416 uel
1200 3359 1272 3415 mala
1285 3359 1331 3414 uel

79 3438 83 3521 ξ
132 3437 180 3500 dona
194 3466 249 3504 esse
261 3449 387 3520 postium
414 3448 451 3517 cf.
471 3449 550 3504 cltum
569 3447 640 3504 Plin.
660 3449 763 3522 Paneq.
783 3455 816 3504 72
836 3455 857 3503 si
876 3455 993 3504 iudicium
1012 3461 1122 3503 nostrum
1140 3453 1228 3502 mereri
1246 3467 1328 3515 perse-

131 3544 209 3590 rursm
262 3538 277 3593 3
298 3545 392 3604 pugnat
401 3527 491 3608 Koch:
506 3540 574 3588 bona
584 3537 645 3592 cod.
659 3537 778 3593 Verbum
788 3539 945 3595 desiderari
955 3540 1025 3595 uidit
1039 3539 1122 3595 Gertz
1134 3555 1249 3610 quoque,
1261 3541 1328 3592 hona

79 3632 82 3697 1
129 3629 218 3682 nauum
236 3642 369 3681 essenon
387 3626 449 3680 item
542 3626 575 3679 10
593 3628 681 3677 iniuria
700 3629 739 3695 (in
757 3645 844 3699 marp.
864 3628 930 3683 add.
949 3646 983 3686 m.
1004 3645 1057 3686 rec.
1079 3631 1110 3682 al.
1130 3629 1226 3694 dapne)

79 3712 83 3781 l
133 3720 154 3774 ll
167 3734 248 3784 maiore
266 3732 341 3801 (post
359 3749 372 3781 e
387 3731 444 3801 suit
461 3734 497 3798 m)
569 3713 703 3800 grauautlir
718 3735 845 3805 (primum
855 3735 911 3804 fuid
922 3743 1034 3801 grauant,
1049 3752 1083 3790 m.
1097 3734 1144 3788 alt.
1157 3749 1296 3804 suprascr.
1304 3730 1330 3795 V,

134 3807 203 3872 deinde
217 3837 271 3879 rec.
291 3837 326 3879 m.
339 3818 449 3874 addidit
460 3824 497 3887 ur)
570 3822 603 3874 14
623 3841 678 3873 cum
691 3826 772 3874 isdem
785 3827 916 3875 uiuentium
932 3823 964 3889 B,
978 3824 1079 3894 Neap.:
1101 3840 1204 3890 quorum
1216 3824 1329 3874 ludentit'r

79 3916 84 3931 '
134 3900 174 3957 1111.
185 3909 226 3962 sed
242 3928 346 3976 quorum
365 3915 391 3963 et
403 3912 412 3959 l
425 3915 451 3963 et
463 3911 479 3958 d
492 3926 507 3964 e
519 3925 591 3965 corr.
605 3911 633 3964 in
646 3927 701 3965 rus.
720 3929 770 3966 nec
789 3912 859 3982 quid
875 3921 957 3967 antea
972 3912 1061 3982 feeerit
1078 3912 1222 3984 expiscari
1239 3911 1326 3968 dicuin

135 3984 180 4048 llum
189 3997 259 4049 isdem
271 4000 409 4050 bibentium
424 3996 517 4064 Gertz)
580 4002 624 4050 iste
637 3999 737 4070 Neap.:
758 4004 802 4055 ide
820 4003 858 4068 (in
871 4002 939 4068 ras.)
1003 4003 1036 4054 16
1054 4004 1104 4052 hoc
1117 4020 1165 4052 uno
1179 3999 1265 4069 Neap.
1279 4000 1328 4048 hoc

135 4072 199 4133 inuno
214 4086 270 4141 cod.
289 4086 347 4141 sed.
371 4090 397 4136 in
415 4105 429 4137 u
448 4101 521 4141 corr.
541 4089 568 4140 in
587 4105 652 4156 ran,
671 4088 739 4159 quid
756 4096 839 4144 antea
854 4089 943 4160 fuerit
960 4107 994 4145 nc
1011 4090 1055 4144 tio
1073 4089 1181 4160 paridem
1206 4095 1329 4158 apparet,

137 4175 240 4228 tittenon
256 4174 312 4244 fuit
331 4185 425 4232 autem;
446 4175 571 4229 mendum
584 4177 727 4231 etiamnum
747 4179 820 4244 locet,
839 4181 893 4233 nisi
903 4180 988 4234 uerba
1006 4183 1055 4230 hoc
1070 4209 1102 4218 -
1116 4179 1255 4244 depascitur
1268 4190 1328 4228 cum

139 4245 217 4314 Gntzto
233 4262 354 4318 eicienda
372 4279 430 4317 esse
449 4259 615 4318 censebimus
694 4267 727 4320 19
747 4270 844 4322 desines
864 4270 903 4336 (es
922 4285 993 4322 corr.
1013 4269 1041 4321 in
1060 4269 1093 4335 et)
1167 4266 1200 4318 21
1219 4267 1329 4330 quodam

139 4332 265 4477 gudianus:
286 4355 386 4418 quidem
458 4353 493 4406 22
512 4355 665 4422 condietco
685 4356 770 4423 corr.)
844 4358 877 4410 23
898 4359 1034 4423 equiorisq3
1056 4357 1158 4426 (iorisq3
1180 4355 1263 4421 corr.)
1365 4349 1367 4351 ’

154 4445 239 4496 'preter
