3046 5092
269 1077 572 1175 PRAEFATIO
607 1077 873 1175 IOHANNIS
908 1078 1171 1175 VAHLENI.

196 1345 385 1437 Hermanno
410 1375 533 1436 Adolfo
557 1375 692 1447 Kochio,
716 1375 895 1455 professore
919 1378 1082 1456 quondam
1099 1377 1250 1451 Portensi‚
1274 1379 1330 1438 im-

111 1502 229 1554 matura
259 1501 364 1553 morte
393 1492 476 1552 vitae
500 1500 531 1551 et
555 1492 617 1551 suis
641 1478 736 1570 atque
759 1491 806 1551 his
830 1490 939 1551 litteris
964 1502 1083 1571 erept0,
1107 1511 1166 1571 pro
1190 1512 1228 1553 ea
1251 1513 1332 1572 quae

114 1607 182 1668 mihi
204 1629 275 1669 cum
300 1628 339 1668 eo
370 1608 443 1666 inde
467 1606 507 1666 ab
531 1605 683 1667 sodalicio
706 1606 865 1666 Bonnensi
888 1607 1107 1667 intercesserat
1136 1608 1282 1681 amicitia,
1314 1629 1333 1668 a

118 1742 164 1784 me
190 1725 321 1804 petitum
350 1734 414 1796 est,
445 1733 480 1784 ut
503 1722 585 1784 hanc
609 1722 750 1783 Senecae
773 1724 945 1783 editionem
969 1732 1117 1803 coeptam
1142 1722 1182 1782 ab
1206 1726 1276 1802 ipso
1300 1731 1332 1783 et

123 1836 173 1899 iam
201 1838 300 1919 aliqua
328 1847 420 1899 tenus
450 1847 636 1918 provectam
667 1837 896 1898 absolvendam
929 1858 1078 1898 curarem.
1132 1837 1237 1918 Quam
1270 1858 1332 1917 ego

129 1955 325 2015 condicionem
347 1955 462 2033 accepi,
485 1955 528 2013 ita
544 1962 637 2026 ratus,
661 1954 691 2012 in
707 1974 804 2032 opere
821 1954 957 2013 auctoris
974 1973 1069 2013 manu
1085 1952 1226 2033 perfecto
1243 1973 1331 2033 prae-

129 2068 183 2128 sidii
207 2070 355 2149 quiddam
385 2070 492 2148 quaeri
522 2070 610 2149 quod
642 2068 883 2148 typothetarum
915 2067 1058 2128 laborem
1090 2079 1216 2148 regeret
1244 2068 1331 2128 char-

130 2188 220 2263 tasque
242 2205 259 2244 a
282 2183 463 2263 vulgaribus
495 2203 662 2263 operarum
691 2184 829 2279 peccatis
852 2184 1035 2245 vindicaret.
1082 2183 1192 2262 Itaque
1216 2185 1257 2244 ad
1282 2204 1334 2244 me

131 2295 221 2358 allatae
242 2306 314 2360 sunt
336 2319 398 2358 una
422 2319 492 2359 cum
509 2296 650 2359 Senecae
666 2298 817 2378 exemplo
834 2298 994 2377 Haasiano
1011 2318 1030 2358 a
1046 2298 1172 2358 Kochio
1190 2309 1333 2360 correcto

133 2418 160 2469 et
183 2413 426 2476 adnotationibus
458 2415 568 2474 criticis
600 2414 694 2493 ipsius
725 2433 820 2473 manu
852 2415 989 2473 exaratis
1018 2424 1166 2493 quattuor
1188 2413 1335 2495 plagulae

135 2527 203 2603 typis
221 2530 277 2590 iam
302 2531 478 2611 descriptae
502 2538 534 2590 et
558 2529 598 2589 ab
623 2530 744 2590 editore
768 2530 949 2608 recognitae
972 2531 1029 2589 sed
1054 2550 1135 2607 quae
1151 2528 1239 2610 prelo
1256 2549 1334 2589 non-

137 2638 196 2701 dum
209 2644 367 2706 deiunctae
383 2654 480 2706 erant.
527 2644 615 2724 Quas
632 2646 708 2705 dum
724 2665 881 2725 percurro,
898 2646 1005 2705 statim
1021 2644 1155 2724 percepi,
1172 2643 1335 2704 hominem

140 2755 330 2821 nuribundum
361 2759 556 2820 festinavisse
586 2769 618 2820 et
650 2760 738 2839 quasi
768 2770 968 2839 praevertere
999 2768 1136 2820 mortem
1168 2759 1336 2820 inevitabili

151 2874 192 2926 ato
215 2875 431 2936 accelerantem
462 2874 613 2946 voluisse,
646 2884 679 2935 ut
711 2873 773 2934 hoc
799 2875 915 2953 saltem
947 2895 1027 2954 opus
1060 2888 1241 2935 extremum
1269 2875 1336 2954 ipse

142 2980 207 3043 rivus
225 2991 392 3069 vidensque
416 2992 457 3051 ad
481 2990 661 3050 umbilicum
686 2989 887 3070 perduceret:
914 2998 965 3051 tot
988 2990 1070 3050 enim
1096 3000 1126 3050 et
1144 2999 1232 3050 tanta
1247 3000 1337 3051 erant

137 3116 162 3151 nl
179 3095 216 3160 his
235 3104 365 3185 plagulis
389 3105 502 3178 relicta,
527 3125 608 3184 quae
631 3105 817 3184 sicquidem
842 3105 1107 3165 committendum
1125 3124 1186 3163 uon
1211 3113 1278 3165 erat
1302 3114 1336 3165 ut

137 3215 358 3291 exprimerentur
388 3239 425 3280 ac
457 3219 705 3298 divulgarentur:
740 3222 797 3280 sed
829 3221 917 3299 quod
941 3221 1066 3299 gravius
1090 3231 1172 3291 erat,
1205 3220 1335 3281 omnino

138 3342 240 3393 omnem
268 3337 509 3397 adnotationem
541 3336 679 3396 criticam
710 3345 777 3396 tam
801 3337 829 3395 in
854 3335 914 3396 hac
937 3343 1027 3416 parte
1051 3356 1147 3415 quam
1171 3336 1201 3395 in
1226 3337 1336 3396 ceteris

138 3439 170 3500 Ita
187 3451 361 3512 adornatam
386 3453 465 3525 vidi,
496 3460 530 3510 ut
553 3450 645 3511 valde
669 3452 768 3512 vereri
791 3451 978 3531 inciperem,
1003 3471 1043 3511 ne
1066 3452 1234 3512 immutata
1257 3450 1336 3511 haec

141 3576 211 3635 apera
238 3568 265 3626 in
298 3565 459 3646 publicum
491 3567 620 3639 emissa,
651 3568 682 3627 in
710 3575 800 3627 tanto
824 3566 967 3627 adhibito
991 3567 1096 3627 studio
1120 3574 1152 3626 et
1175 3566 1335 3639 industria,

137 3688 183 3733 1¹0ss
207 3700 311 3759 parem
343 3691 426 3742 esset
457 3681 623 3743 utilitatem
654 3681 807 3744 habitura.
853 3681 932 3741 Erat
963 3682 1045 3742 enim
1070 3681 1212 3742 Kocliius
1235 3681 1335 3741 homo

137 3791 245 3856 eruditus
275 3795 325 3857 ille
356 3798 485 3876 quidem
516 3806 549 3857 et
580 3808 689 3858 acutus
721 3798 778 3858 sed
809 3816 920 3878 parum
944 3798 985 3857 ad
1010 3798 1170 3857 edendum
1193 3805 1335 3857 veterem

135 3907 292 3987 scriptorem
324 3912 424 3972 sactus
455 3926 487 3972 et
518 3914 570 3992 qui
601 3914 632 3973 id
664 3933 728 3974 non
759 3912 833 3972 satis
857 3911 1052 3992 experiendo
1078 3912 1236 3972 didicisset
1259 3912 1335 3990 quid

134 4028 265 4097 agendum
289 4038 321 4089 et
346 4030 522 4088 cavendum
548 4036 631 4089 esset
654 4029 779 4101 editori,
804 4035 839 4087 ut
861 4028 1002 4089 subsidia
1024 4036 1151 4087 textum
1175 4027 1335 4107 scriptoris

133 4142 299 4217 comitantia,
323 4163 387 4202 non
412 4143 497 4203 mole
520 4143 617 4204 inutili
641 4164 801 4225 oppressa,
826 4152 933 4203 tamen
957 4144 987 4202 in
1012 4142 1159 4202 taxandis
1183 4141 1334 4202 librorum

131 4252 291 4320 testimoniis
307 4270 361 4319 aut
377 4260 408 4318 in
424 4260 552 4319 editoris
568 4258 740 4320 rationibus
755 4259 986 4338 cognoscendis
1002 4276 1157 4361 nusquam
1173 4255 1332 4336 legentem

140 4362 329 4436 lestituerent:
356 4375 408 4454 qui
431 4374 481 4434 vel
504 4376 533 4434 in
558 4373 751 4435 conserendo
772 4372 913 4435 Senecae
937 4371 1137 4451 dialogorum
1158 4371 1334 4451 exemplari

1084 4494 1099 4525 a
1106 4477 1120 4508 d<
