3060 5078
252 320 294 378 44
597 313 676 356 DlAL.
697 314 737 355 Ill.
757 313 797 353 DE
817 314 868 354 IRA
887 314 943 357 ΜΒ,
962 314 979 355 1.
997 319 1018 380 9
1038 320 1070 358 10.
1091 320 1124 356 11.

249 460 337 540 quod
361 469 409 521 est
425 459 545 522 salsum.
582 480 655 521 nam
679 465 704 521 si
720 461 850 522 exaudit
865 461 1020 522 rationem
1041 461 1243 541 sequiturque
1258 481 1321 541 qua
1345 460 1481 535 ducitur,

250 568 312 627 iarn
335 587 400 627 non
423 576 471 627 est
494 568 547 640 ira,
571 567 656 628 cuius
679 567 842 647 proprium
866 576 914 628 est
935 567 1141 628 contumacia.
1172 568 1197 628 si
1221 587 1297 628 uero
1320 577 1481 648 repugnat

251 682 282 734 et
306 693 370 733 non
394 673 447 734 ubi
470 675 552 734 iussa
583 683 631 734 est
654 674 797 753 quiescit,
829 674 887 734 sed
917 673 1045 734 libidine
1076 673 1253 754 ferociaque
1284 673 1480 754 prouehitur,

250 788 316 840 tam
341 777 453 840 inutilis
477 780 571 839 animi
601 780 741 840 minister
772 788 820 841 est
843 800 939 860 quam
964 778 1065 853 mileS,
1097 781 1150 860 qui
1180 780 1305 859 signum
1337 782 1481 861 receptui

208 914 220 952 5
249 884 397 966 neglegit.
445 886 551 966 itaque
590 886 615 947 si
652 887 785 946 modum
817 886 960 947 adhiberi
997 886 1056 947 sibi
1085 888 1217 968 patitur,
1255 886 1316 948 alio
1348 888 1515 954 nomine3

251 991 439 1072 adpellanda
470 1000 533 1065 est,
566 992 656 1053 desiit
686 993 731 1052 ira
762 1013 846 1067 esse,
882 1012 978 1072 quam
1010 992 1193 1054 effrenatam
1224 993 1481 1074 indomitamque

250 1097 417 1178 intellego,¹
441 1098 466 1158 si
481 1118 545 1158 non
561 1099 685 1178 patitur,
709 1099 882 1178 perniciosa
907 1108 955 1160 est
971 1118 1029 1160 nec
1045 1100 1125 1160 inter
1141 1098 1256 1160 auxilia
1271 1101 1480 1162 numeranda.

250 1207 293 1265 ita
316 1212 369 1265 aut
398 1205 442 1264 ira
464 1224 528 1264 non
560 1213 607 1265 est
638 1213 692 1265 aut
722 1204 835 1266 inutilis
859 1213 916 1266 est.
966 1225 1041 1266 nam
1067 1206 1094 1266 si
1124 1208 1192 1285 quis
1215 1225 1353 1286 poenam
1377 1206 1517 1286 exigitl

251 1331 314 1371 non
338 1311 434 1391 ipsius
457 1331 581 1391 poenae
596 1312 715 1385 auidus,
739 1312 797 1372 sed
820 1312 892 1390 quia
915 1319 1052 1392 oportet,
1076 1331 1141 1372 non
1157 1320 1205 1373 est
1221 1312 1482 1379 adnumerandus

212 1444 236 1484 10
251 1418 343 1478 iratis
381 1416 432 1479 hic
448 1419 506 1478 erit
522 1417 602 1478 utilis
626 1416 714 1479 miles
737 1398 797 1498 qui*
813 1413 871 1478 s'cit
887 1438 998 1499 parere
1014 1417 1152 1480 consilio
1188 1418 1331 1480 adiectus
1346 1418 1482 1498 quidem

250 1533 316 1585 tam
341 1522 414 1584 mali
437 1525 567 1586 ministri
590 1544 685 1605 quam
711 1525 807 1586 duces
830 1533 911 1585 sunt.

339 1630 378 1691 X.
402 1630 480 1692 Ideo
512 1651 684 1711 numquam
716 1632 862 1692 adsumet
900 1631 979 1693 ratio
1011 1632 1041 1691 in
1072 1631 1261 1692 adiutorium
1291 1631 1518 1711 inprouidosl

251 1746 282 1798 et
306 1736 460 1798 uiolentos
484 1739 615 1818 inpetus
639 1739 722 1819 apud
747 1758 829 1817 quos
852 1737 926 1798 nihil
948 1739 1016 1818 ipsa
1031 1738 1225 1799 auctoritatis
1244 1736 1372 1812 habeat,
1397 1757 1484 1819 quos

250 1864 423 1924 numquam
447 1832 644 1926 conprimere
667 1845 783 1926 possit,
815 1844 871 1905 nisi
894 1864 988 1924 pares
1010 1843 1067 1905 illis
1090 1843 1260 1924 similisque
1283 1845 1483 1927 opposuerit,

213 1976 236 2015 15
251 1959 285 2011 ut
316 1951 380 2011 irae
412 1959 549 2026 metum,
580 1951 708 2012 inertiae
738 1951 833 2024 iram,
864 1951 968 2013 timori
1000 1951 1213 2032 cupiditatem.
1260 1950 1341 2012 absit
1373 1949 1439 2014 hoc
1464 1962 1519 2015 at

253 2058 367 2117 uirtute
391 2056 519 2131 malum,
565 2065 599 2117 ut
630 2077 781 2137 umquam
805 2058 885 2119 ratio
909 2058 950 2118 ad
974 2057 1047 2118 uitia
1070 2056 1236 2137 confugiat.
1282 2077 1346 2118 non
1371 2066 1485 2138 potest

250 2162 301 2223 hic
323 2162 445 2223 animus
468 2162 562 2224 fidele
586 2164 684 2224 otium
708 2183 829 2244 capere,
853 2164 1009 2244 quatiatur
1030 2184 1158 2225 necesse
1174 2173 1222 2224 est
1238 2163 1483 2245 fluctueturque,

251 2270 303 2348 qui
327 2268 416 2330 malis
440 2270 501 2330 suis
525 2277 611 2330 tutus
636 2278 698 2343 est,
730 2271 783 2349 qui
814 2268 901 2331 tortis
932 2290 1001 2331 esse
1024 2271 1080 2330 nisi
1108 2271 1249 2331 irascitur
1272 2290 1336 2331 non
1360 2280 1484 2352 potest,

250 2375 417 2437 industrius
441 2376 497 2435 nisi
521 2377 614 2456 cupit,
638 2377 761 2456 quietus
784 2375 841 2437 nisi
863 2377 969 2437 timet:
995 2377 1026 2437 in
1049 2377 1216 2455 tyrannide
1239 2375 1281 2437 illi
1305 2377 1482 2438 uiuendum

197 2504 224 2545 m
251 2490 299 2542 est
322 2483 352 2541 in
382 2481 508 2542 alicuius
538 2481 680 2543 adfectus
713 2483 847 2543 uenienti
879 2483 1069 2543 seruitutem.
1119 2503 1184 2544 non
1214 2483 1315 2564 pudet
1345 2484 1483 2545 uirtutes

250 2589 280 2649 in
305 2587 480 2649 clientelam
504 2589 651 2649 uitiorum
675 2589 863 2650 demittere?
908 2590 1023 2650 deinde
1047 2589 1159 2650 desinit
1181 2590 1349 2669 quicquam
1382 2597 1513 2670 posse3

251 2696 339 2770 rati0,
364 2696 389 2755 si
412 2694 486 2755 nihil
509 2704 617 2776 potest
640 2695 706 2756 sine
728 2692 863 2769 adfectu,
887 2704 919 2756 et
942 2695 1048 2776 incipit
1070 2715 1128 2776 par
1150 2694 1191 2756 illi
1214 2694 1386 2776 similisque
1402 2716 1481 2758 esse.

251 2802 326 2881 quid
350 2802 432 2862 enim
456 2802 594 2874 interest,
617 2802 643 2862 si
658 2822 760 2882 aeque
775 2801 916 2863 adfectus
932 2801 1108 2863 inconsulta
1130 2822 1179 2863 res
1203 2811 1251 2863 est
1273 2784 1343 2863 sine
1356 2803 1480 2864 ratione

250 2928 346 2988 quam
378 2909 457 2968 ratio
489 2909 555 2968 sine
586 2907 712 2971 adfectu
742 2907 907 2969 inefficax?
939 2928 996 2988 par
1027 2917 1196 2988 utrumque
1227 2917 1290 2981 est,
1322 2909 1377 2969 ubi
1409 2929 1479 2971 esse

210 3038 236 3077 25
250 3014 383 3075 alterum
414 3015 480 3075 sine
511 3013 612 3075 altero
642 3034 706 3074 non
736 3023 852 3094 potest.
898 3016 966 3094 quis
997 3023 1103 3075 autem
1135 3015 1285 3076 sustineat
1316 3015 1477 3077 adfectum

250 3140 428 3200 exaequare
444 3121 575 3182 rationi?
607 3124 663 3196 ita,
686 3120 797 3201 inquit,
825 3119 906 3182 utilis
930 3119 1072 3182 adlectus
1096 3130 1156 3195 est,
1186 3122 1212 3182 si
1242 3122 1401 3195 modicus·
1421 3126 1509 3184 estl

249 3228 349 3287 immo
381 3228 406 3286 si
437 3236 547 3287 natura
577 3226 657 3288 utilis
688 3236 744 3288 est.
800 3228 858 3288 sed
889 3228 914 3287 si
952 3227 1105 3307 inpatiens
1136 3227 1255 3309 imperii
1285 3229 1476 3309 rationisque

251 3341 306 3406 est,
330 3332 392 3393 hoc
415 3332 583 3393 dumtaxat
608 3334 826 3394 moderatione
851 3342 1068 3413 consequetur,
1099 3342 1135 3394 ut
1161 3354 1226 3414 quo
1249 3333 1353 3394 minor
1377 3335 1475 3410 fuerit,

251 3439 352 3499 minus
383 3447 517 3500 noceat:
552 3459 629 3519 ergo
661 3441 804 3500 modicus
835 3438 977 3501 adfectus
1008 3438 1082 3500 nihil
1113 3438 1197 3500 aliud
1227 3459 1325 3520 quam
1356 3441 1474 3503 malum

209 3569 236 3607 30
251 3546 411 3606 modicum
436 3553 490 3606 est.

340 3652 393 3713 Xl.
422 3649 486 3714 Sed
509 3653 660 3713 aduersus
680 3652 797 3727 hostes
821 3652 928 3733 inquit,
952 3652 997 3713 ira
1019 3662 1067 3714 est
1090 3652 1273 3714 necessaria.
1319 3673 1474 3734 nusquam

251 3785 462 3793 ——0-———

252 3882 262 3933 l
286 3888 321 3931 est
345 3883 433 3931 salsum
454 3881 513 3935 cod.
532 3883 620 3932 falsum
639 3890 674 3932 est
693 3880 775 3952 rcutqo
897 3900 945 3947 qna
966 3884 1060 3931 ducitur
1078 3881 1176 3952 itutqo:
1196 3899 1245 3947 quo
1264 3883 1362 3932 ducitur

251 3969 434 4035 (iappellanda
545 3972 606 4019 desit
719 3971 734 4023 7
753 3973 894 4036 unisciosa
922 3985 924 3989 ’
996 3974 1097 4034 &pensi
1116 3978 1141 4023 et
1160 3971 1176 4024 9
1194 3987 1258 4036 pene
1368 3972 1399 4025 13
1420 3980 1476 4037 aput

252 4059 271 4126 (t
290 4074 361 4115 corr.
379 4060 409 4132 in
428 4060 454 4125 d)
584 4059 616 4112 14
636 4062 777 4124 opposuerit
796 4058 870 4126 cult,
900 4057 994 4122 Gertz,
1014 4061 1155 4125 apposuerit
1175 4057 1263 4128 Neap.
1294 4059 1378 4114 Taru.
1411 4059 1476 4114 Veu.

250 4147 296 4200 atr.
316 4149 461 4214 opposueris
479 4146 562 4217 ttulqo
698 4148 730 4199 lt
750 4166 852 4213 capere,
871 4149 1003 4215 quatiatur]
1028 4149 1068 4201 sic
1088 4145 1170 4201 Gertz
1189 4147 1371 4218 interpunxit,
1395 4147 1476 4219 uulqo

250 4253 352 4300 capere:
373 4238 495 4301 quatiatur
609 4236 643 4289 20
661 4238 829 4306 est*(parua
841 4237 908 4303 rau.)
1025 4237 1059 4289 22
1079 4238 1191 4301 similisq;
1212 4238 1232 4304 ti
1249 4242 1378 4290 extrema
1390 4238 1475 4301 corr.)

363 4326 396 4378 23
416 4327 478 4389 si9q;
605 4324 639 4377 24
658 4327 879 4395 affectu*(puruu
898 4326 965 4391 ras.)
1084 4324 1117 4378 29
1137 4327 1203 4374 aliud
1224 4325 1251 4391 (d
1270 4326 1356 4392 corr.)

250 4414 280 4466 31
303 4420 340 4479 iql
366 4415 385 4479 (t
404 4416 487 4474 corr.)
