3060 5078
332 312 411 354 DlAL.
427 310 467 355 lx.
494 311 537 351 AD
553 309 695 352 SERENVM
710 310 752 350 DE
765 309 1032 361 TRANQVILLITATE
1046 309 1145 354 ANIMI.
1173 311 1193 352 ³.
1312 316 1373 377 199

153 455 338 538 reipublicae
373 457 562 520 tractatione
597 466 630 520 et
665 455 775 519 officiis
792 454 944 519 'ciuilibus
974 475 1010 517 se
1040 456 1188 519 detinere
1234 476 1309 517 nam
1341 464 1375 517 ut

152 565 279 644 quidam
309 563 378 625 sole
408 573 503 646 atque
535 565 762 625 exercitatione
793 571 826 624 et
857 582 931 623 cura
967 564 1107 644 corporis
1141 562 1226 623 diem
1256 563 1376 624 ducunt

151 668 338 749 athletisque
368 668 465 751 longe
494 668 692 733 utilissimum
723 677 771 731 est
801 668 937 730 lacertos
965 688 1040 729 suos
1064 667 1238 749 roburque,
1270 669 1318 728 cui
1341 688 1376 730 se

151 777 201 838 uni
233 776 430 851 dicauerunt,
461 779 580 838 maiore
602 776 755 858 temporis
778 785 870 857 parte
892 775 1025 836 nutrire:
1056 777 1098 836 ita
1122 773 1213 835 uobis
1236 775 1375 836 animum

149 883 191 944 ad
221 902 328 945 rerum·
350 881 485 945 ciuilium
509 892 670 945 certamen
693 881 876 964 parantibus
900 883 932 943 in
955 900 1052 962 opere
1075 900 1144 942 esse
1170 880 1254 973 [non]
1279 879 1401 961 longer

148 987 394 1069 pulcherrimum
416 996 474 1051 est.
511 1009 585 1051 nam
610 1009 682 1050 cum
706 987 814 1051 utilem
837 1007 872 1049 se
894 985 1019 1048 efficere
1039 987 1157 1048 ciuibus
1174 981 1373 1049 mortalibus·
1467 973 1469 975 ¹

148 1115 211 1177 que
242 1098 440 1177 propositum
472 1093 604 1169 habeat,
636 1093 728 1156 simul
759 1102 792 1156 et
822 1101 989 1155 exercetur
1021 1101 1053 1155 et
1084 1092 1224 1182 proficit,
1261 1094 1313 1174 qui
1344 1095 1375 1154 in

149 1201 262 1263 mediis
292 1221 327 1262 se
358 1200 467 1282 officiis
498 1204 604 1282 posuit
636 1201 818 1262 communia
849 1201 1033 1280 priuataque
1063 1219 1123 1280 pro
1147 1197 1296 1263 facultate
1318 1200 1373 1260 ad-

112 1318 130 1372 2
148 1288 335 1370 ministrans.
365 1308 422 1368 sed
445 1309 519 1387 quia
541 1309 573 1369 in
589 1305 658 1381 hac,
682 1308 790 1387 inquit,
813 1315 881 1368 tam
897 1307 1006 1367 insana
1020 1304 1186 1367 hominum
1202 1306 1375 1369 ambitione

128 1422 197 1498 ⁴tot
221 1413 497 1476 calumniatoribus
520 1414 550 1475 in
573 1415 711 1501 deterius
734 1422 822 1475 recta
844 1411 1067 1492 torquentibus
1088 1433 1199 1494 parum
1215 1422 1286 1475 tuta
1299 1414 1374 1474 sim·
1392 1428 1415 1467 10

146 1521 268 1602 plicitas
298 1529 348 1582 est
371 1529 404 1582 et
426 1518 495 1600 plus
517 1519 656 1582 futurum
679 1539 805 1601 semper
828 1528 877 1580 est
908 1519 996 1600 quod
1027 1517 1135 1581 obstet
1168 1539 1264 1600 quam
1287 1519 1375 1599 quod

146 1627 326 1718 succedat,
343 1648 363 1689 a
392 1627 462 1689 foro
494 1628 623 1708 quidem
651 1634 684 1688 et
707 1624 834 1707 publico
857 1626 1070 1688 recedendum
1094 1635 1157 1699 est,
1188 1627 1246 1687 sed
1269 1624 1375 1700 habet,

147 1731 200 1794 ubi
230 1752 265 1794 se
295 1735 391 1795 etiam
421 1735 452 1796 in
483 1736 606 1815 priuato
637 1732 710 1795 laxe
741 1731 881 1812 explicet
911 1750 1046 1810 magnus
1077 1735 1208 1795 animus.
1254 1752 1314 1792 nec
1341 1740 1376 1793 ut

145 1837 275 1900 leonum
297 1839 540 1921 animaliumque
563 1842 688 1921 inpetus
711 1841 814 1900 caueis
838 1846 1008 1911 coercetur,
1032 1840 1076 1899 sic
1099 1836 1274 1912 hominum,
1297 1858 1374 1917 quo-

113 1957 216 2011 3rum
236 1945 407 2008 'maximae
437 1948 469 2007 in
491 1947 788 2022 seductoactiones
811 1954 893 2007 sunt.
938 1947 983 2006 ita
1006 1953 1113 2006 tamen
1136 1943 1309 2019 delituerit,
1341 1951 1375 2005 ut
1391 1958 1415 1998 1⁵

144 2050 336 2131 ubicumque
366 2053 467 2134 otium
498 2071 589 2112 suum
621 2051 841 2125 absconderit,
872 2051 1026 2130 prodesse
1056 2048 1130 2112 uelit
1158 2047 1286 2131 singulis
1310 2051 1374 2111 uni-

144 2157 305 2237 uersisque
335 2157 477 2238 ingeni0,
509 2177 604 2233 uoce,
636 2155 775 2219 consilio
822 2176 881 2217 nec
912 2158 995 2218 enim
1027 2158 1053 2218 is
1076 2154 1162 2218 solus
1186 2155 1376 2236 reipublicae

144 2264 292 2344 prodest,
321 2265 375 2345 qui
398 2264 587 2326 candidatos
612 2263 750 2326 extrahit
774 2272 807 2325 et
829 2271 935 2324 tuetur
958 2282 1030 2346 reos
1055 2271 1087 2324 et
1110 2262 1150 2324 de
1173 2283 1253 2344 pace
1276 2262 1373 2325 bello-

99 2394 102 2399 *
143 2389 206 2448 que
229 2378 347 2444 censet,
369 2371 426 2431 sed
451 2372 503 2451 qui
526 2372 722 2432 iuuentutem
746 2369 949 2444 exhortatur,
973 2371 1080 2449 quiin
1104 2376 1194 2431 tanta
1216 2369 1375 2431 bonorum

143 2483 387 2555 praeceptorum
417 2478 523 2557 inopia
552 2477 699 2537 uirtutem
730 2475 859 2537 instillat
889 2477 1016 2548 animis,
1047 2475 1100 2556 qui
1130 2476 1171 2536 ad
1202 2477 1367 2556 pecuniam
1382 2487 1407 2526 ²⁰

143 2580 364 2661 luxuriamque
389 2602 484 2647 cursu
515 2582 633 2644 ruentis
664 2591 792 2662 prensat
821 2602 860 2643 ac
890 2580 1021 2643 retrahit
1052 2591 1100 2657 et,
1133 2582 1158 2642 si
1182 2579 1256 2642 nihil
1283 2580 1375 2642 aliud,

110 2695 232 2754 atcerte
263 2696 422 2762 moratur,
452 2690 483 2750 in
513 2690 638 2768 priuato
669 2686 829 2768 publicum
861 2689 1025 2766 negotium
1046 2689 1123 2767 agit.
1169 2706 1209 2747 an
1232 2684 1282 2747 ille
1304 2685 1375 2767 plus

143 2801 294 2874 praestat,
316 2797 370 2875 qui
392 2797 472 2856 inter
495 2797 678 2875 peregrinos
702 2803 735 2856 et
758 2795 841 2855 ciues
865 2803 920 2856 aut
943 2792 1080 2876 urbanus
1103 2802 1233 2874 praetor
1255 2793 1373 2853 adeun·

143 2897 228 2961 tibus
252 2901 425 2961 adsessoris
449 2900 547 2962 uerba
568 2901 770 2980 pronuntiat,
793 2920 890 2981 quam
913 2900 966 2980 qui
990 2899 1067 2980 quid
1089 2901 1130 2962 sit
1152 2899 1275 2973 iustitia,
1298 2899 1375 2979 quid

143 3008 256 3085 pietas,
279 3007 354 3087 quid
376 3008 537 3087 patientia,
560 3005 641 3093 quid
656 3005 820 3081 fortitudo,
844 3006 920 3086 quid
935 3007 1047 3067 mortis
1064 3013 1276 3085 contemptus
1299 3004 1376 3084 quid
1389 3016 1415 3056 2⁵

144 3112 280 3174 deorum
310 3111 501 3188 intellectuS,
538 3122 691 3193 quantum
724 3115 934 3192 gratuitorum
965 3112 1125 3172 bonorum
1155 3114 1195 3175 sit
1226 3110 1259 3170 in
1290 3112 1376 3172 bona

113 3220 358 3285 tconscientia?
390 3239 467 3300 ergo
499 3221 525 3281 si
546 3228 673 3299 tempus
703 3221 734 3285 in
757 3220 861 3282 studia
883 3216 1043 3293 conferas,
1074 3219 1162 3299 quod
1186 3217 1374 3279 subduxeris

148 3479 161 3531 1
182 3465 266 3533 rei·13.
363 3481 379 3532 2
404 3483 494 3532 ducunt
512 3479 653 3536 Muretus:
674 3483 780 3534 educunt
799 3479 868 3543 cod„
888 3478 927 3533 ad
944 3478 1020 3550 quod
1038 3477 1239 3549 defendendum
1258 3478 1310 3532 uix
1327 3476 1375 3531 ad·

146 3565 240 3622 hahere
257 3567 319 3621 licet
338 3566 372 3622 cle
391 3568 464 3626 bren.
483 3570 530 3627 nit.
545 3572 597 3632 132
617 3576 642 3621 ut
660 3572 735 3636 quina
753 3575 794 3620 aut
814 3571 878 3619 dena
896 3568 994 3619 saecula
1013 3570 1145 3628 educerent
1208 3636 1211 3641 ἡ
1236 3565 1373 3656 3⁴roborq;

237 3708 344 3778 5[non]
364 3710 438 3775 longe
457 3707 514 3762 E¹z
535 3728 585 3760 non
603 3713 678 3776 longe
762 3663 858 3776 llinqd
949 3709 982 3762 14
1000 3711 1105 3774 impetus
1203 3707 1233 3761 15
1253 3709 1376 3756 maximae

146 3815 272 3886 Lipsius:
294 3819 400 3866 maxime
511 3816 543 3869 17
570 3801 653 3870 rei-13.
761 3816 795 3869 20
821 3817 922 3867 instillat
940 3814 1049 3869 Haase:
1069 3816 1178 3864 instituat
1282 3814 1376 3862 animus

147 3901 199 3958 sed
210 3919 283 3958 corr.
302 3907 322 3954 is
412 3903 445 3956 21
466 3921 535 3955 cursu
554 3902 721 3958 deteriores:
742 3911 816 3956 cursil
848 3947 850 3951 .
901 3904 934 3958 23
954 3906 1060 3954 urbanus
1081 3900 1247 3956 deteriores:
1268 3901 1376 3950 urbanos

235 4051 319 4111 pretor
383 4069 388 4075 ·
409 4045 443 4098 24
462 4062 537 4111 quam
555 4047 597 4111 qui
615 4047 674 4111 quid
687 4044 751 4099 olim
765 4061 854 4099 corn:
875 4003 986 4111 ntiqiquid
1077 4042 1111 4095 26
1131 4047 1225 4108 quantu
1243 4040 1375 4106 gratuitozl

146 4135 254 4185 hominii
273 4135 304 4184 sit
322 4136 390 4184 bona
409 4133 469 4191 cod.
489 4147 604 4199 quantum
619 4136 785 4199 gratuitorum
804 4136 927 4184 bonorum
945 4136 977 4183 sit
994 4135 1019 4182 in
1044 4134 1111 4181 bona
1129 4127 1219 4197 Koch,
1245 4125 1318 4195 conf.
1338 4125 1377 4179 ad

147 4220 275 4276 Heluium
294 4227 407 4276 matrem
421 4226 475 4285 5‚·6
494 4224 520 4272 in
538 4223 586 4272 illis
604 4239 667 4287 quae
686 4239 771 4272 omnes
790 4228 877 4287 optant
895 4221 1031 4272 existimaui
1050 4235 1147 4283 semper
1165 4218 1227 4267 nihil
1245 4217 1296 4266 ueri
1314 4216 1375 4264 boni

148 4313 242 4366 inesse:
272 4326 332 4382 epp.
352 4317 395 4374 44,
417 4315 428 4363 1
456 4313 476 4362 si
495 4312 554 4376 quid
573 4318 608 4362 est
628 4312 738 4361 aliudin
756 4312 917 4377 philosophia
935 4310 1010 4362 boni:
1039 4305 1092 4365 Cic.
1113 4305 1138 4360 Τ
1136 4321 1191 4359 uso.
1215 4310 1236 4367 l,
1256 4307 1288 4356 73
1315 4303 1375 4370 quid

150 4401 175 4450 in
192 4406 274 4450 morte
291 4401 352 4450 boni
371 4401 408 4453 sit.
452 4407 568 4464 quantum
586 4401 694 4465 gratuito
713 4401 806 4449 bonum
824 4401 854 4448 sit
872 4399 938 4447 bona
957 4393 1071 4464 Maduiq
