3046 5092
246 351 308 412 208
404 344 484 386 DlAL.
496 343 535 388 tx.
564 345 605 385 Ab
620 341 762 384 SERENVM
777 342 818 382 DE
831 337 1098 391 TRANQVlLLlTATE
1110 336 1210 379 ANIMI.
1237 336 1258 378 9.
1275 336 1308 377 ro.

245 491 442 573 adparatum.
487 488 663 562 honestius,
686 489 796 569 inquis,
820 487 882 550 huc
904 508 938 550 se
961 491 1109 569 inpensae
1132 508 1228 568 quam
1251 488 1282 548 in
1307 483 1510 548 Corinthiati

245 597 406 676 pictasque
436 594 560 656 tabulas
591 592 766 656 effuderint.
812 595 959 656 uitiosum
989 603 1038 657 est
1065 594 1196 674 ubique,
1226 594 1316 674 quod
1338 592 1474 654 nimium

246 710 302 763 est.
348 700 421 782 quid
451 699 568 774 habes,
600 721 653 761 cur
684 700 830 781 ignoscas
853 700 972 762 homini
995 702 1127 762 armaria
1150 703 1229 762 citro
1253 707 1349 780 atque
1373 697 1476 760 ebore
1508 757 1510 761 .

245 809 400 887 captanti,
433 826 569 887 corpora
596 807 790 887 conquirenti
814 816 868 868 aut
891 809 1072 886 ignotorum
1097 813 1261 868 auctorum
1286 814 1341 867 aut
1364 805 1474 885 inpro-

206 935 218 971 ε,
246 914 396 975 batorum
418 921 451 974 et
466 914 546 974 inter
561 921 610 974 tot
626 911 709 974 milia
724 912 875 974 librorum
892 913 1045 986 oscitanti,
1067 915 1116 974 cui
1131 911 1326 980 uoluminum
1340 930 1476 972 suorum

246 1018 365 1080 frontes
387 1020 527 1079 maxime
542 1018 668 1100 placent
683 1017 844 1099 titulique?
876 1019 961 1099 apud
977 1017 1239 1093 desidiosissimos
1255 1036 1332 1097 ergo
1348 1015 1477 1078 uidebis
1496 1013 1512 1066 7

246 1125 398 1206 quidquid
422 1124 602 1185 orationum
626 1124 887 1205 historiarumque
910 1133 966 1198 est,
990 1132 1077 1186 tecto
1101 1134 1193 1187 tenus
1209 1131 1371 1185 exstructa
1386 1121 1475 1184 locu-

246 1230 394 1292 lamenta.
440 1232 502 1290 iam
527 1232 609 1291 enim
633 1231 713 1292 inter
734 1229 894 1292 balnearia
916 1239 948 1292 et
963 1228 1103 1292 thermas
1123 1228 1330 1310 bybliotheca
1344 1246 1478 1310 quoque

247 1345 282 1398 ut
311 1320 521 1397 necessarium
554 1336 670 1397 domus
693 1344 915 1398 ornamentum
939 1335 1103 1416 expolitur.
1150 1338 1347 1416 ignoscerem
1371 1332 1477 1415 plane,

175 1470 176 1473 ¹
210 1442 273 1502 rosi
295 1442 470 1503 studiorum
493 1442 588 1503 nimia
611 1442 755 1521 cupidine
778 1450 950 1504 erraretur:
984 1461 1066 1503 nunc
1081 1441 1142 1504 ista
1157 1441 1331 1521 conquisita
1346 1459 1385 1502 ac
1401 1459 1477 1500 cum

249 1547 435 1626 imaginibus
466 1548 527 1608 suis
558 1546 705 1628 discripta
736 1567 896 1608 sacrorum
928 1568 1027 1628 opera
1055 1549 1252 1628 ingeniorum
1280 1545 1477 1625 inspeciem

251 1661 283 1714 et
307 1652 424 1714 cultum
447 1655 602 1733 parietum
627 1661 843 1733 conparantur,

337 1759 377 1820 X.
423 1758 471 1820 At
502 1758 532 1818 in
560 1758 687 1840 aliquod
712 1778 812 1838 genus
835 1762 918 1820 uitae
942 1758 1067 1821 difficile
1090 1758 1224 1820 incidisti
1248 1764 1280 1818 et
1303 1755 1361 1819 tibi
1385 1758 1478 1835 igno-
1500 1754 1511 1805 1

249 1868 329 1927 ranti
360 1864 410 1926 uel
439 1864 567 1946 publica
596 1864 722 1926 fortuna
744 1864 795 1925 uel
817 1867 940 1945 priuata
961 1864 1107 1947 laqueum
1131 1866 1265 1945 inpegit,
1297 1882 1395 1943 quem
1418 1881 1480 1923 nec

214 1989 235 2026 ¹⁵
249 1971 374 2033 soluere
404 1972 506 2051 possis
533 1992 592 2032 nec
614 1991 778 2053 rumpere:
812 1974 919 2052 cogita
941 1973 1128 2052 conpeditos
1151 1973 1254 2052 primo
1278 1987 1375 2048 aegre
1398 1966 1481 2029 serre

251 2097 348 2139 onera
375 2085 407 2138 et
430 2078 644 2158 inpedimenta
666 2098 798 2140 crurum.
846 2078 960 2140 deinde
983 2076 1122 2138 ubi·non
1145 2076 1298 2156 indignari
1321 2073 1390 2148 illa,
1420 2073 1480 2135 sed

250 2183 316 2265 pati
338 2193 579 2264 proposuerunt,
603 2186 771 2246 necessitas
794 2182 916 2246 sortiter
938 2182 1018 2246 ferre
1039 2185 1142 2258 docet,
1166 2181 1364 2274 consuetudo
1380 2178 1480 2242 facile.

251 2291 389 2351 inuenies
420 2291 451 2351 in
481 2288 624 2368 quolibet
655 2310 770 2370 genere
799 2290 882 2352 uitae
905 2290 1142 2352 oblectamenta
1164 2298 1196 2351 et
1218 2289 1421 2349 remissiones
1446 2295 1480 2347 et

251 2395 450 2476 uoluptates:
485 2399 511 2457 si
542 2396 692 2471 uolueris,
724 2395 808 2459 mala
837 2405 948 2478 putare
973 2396 1055 2458 leuia
1076 2396 1181 2477 potius
1204 2414 1300 2476 quam
1324 2393 1482 2454 inuidiosa

211 2515 237 2555 20
252 2501 362 2564 lacere.
408 2500 493 2562 nullo
517 2501 626 2564 melius
649 2506 777 2565 nomine
800 2504 841 2565 de
865 2504 956 2565 nobis
979 2511 1090 2564 natura
1114 2504 1242 2576 meruit,
1265 2518 1360 2582 quam
1387 2497 1513 2578 quw

252 2628 324 2669 cum
348 2608 441 2669 sciret
463 2609 576 2689 quibus
599 2612 757 2671 aerumnis
779 2629 986 2684 nasceremur,
1010 2609 1223 2671 calamitatum
1247 2604 1480 2668 mollimentum

252 2715 512 2776 consuetudinem
535 2717 666 2790 inuenit,
698 2717 760 2776 cito
783 2718 815 2777 in
837 2715 1077 2778 familiaritatem
1100 2716 1286 2795 grauissima
1309 2711 1478 2774 adducens.

190 2876 196 2890 ,
252 2841 348 2883 nemo
373 2821 507 2893 duraret,
517 2896 521 2904 ι
532 2799 567 2881 si¹
580 2840 684 2882 rerum
708 2821 911 2882 aduersarum
927 2821 1061 2882 eandem
1077 2822 1141 2882 uim
1157 2819 1329 2882 adsiduitas
1343 2819 1480 2881 haberet

253 2947 348 3009 quam
371 2928 490 3006 primus
513 2929 600 2988 ictus.
646 2947 758 2988 omnes
782 2931 853 2989 cum
878 2926 1003 2989 fortuna
1025 2928 1161 3008 copulati
1183 2947 1311 2988 sumus:
1345 2925 1510 2988 aliorum3

213 3046 239 3086 2⁵
254 3054 348 3095 aurea
371 3040 482 3094 catena
506 3042 554 3094 est
578 3042 610 3095 et
632 3033 714 3108 laxa,
738 3032 869 3096 aliorum
893 3042 962 3094 arta
978 3042 1010 3095 et
1024 3035 1161 3096 sordida.
1200 3034 1257 3095 sed
1272 3034 1347 3116 quid
1364 3034 1478 3098 refert?

253 3140 366 3200 eadem
398 3140 543 3201 custodia
575 3141 735 3201 uniuersos
763 3139 968 3202 circumdedit
995 3139 1187 3221 adligatique
1209 3149 1281 3202 sunt
1305 3144 1412 3203 etiam'
1426 3144 1478 3222 qui

254 3438 335 3488 lhuc
353 3453 379 3486 se
398 3434 507 3506 Haupt:
528 3438 576 3486 hoc
596 3445 619 3486 te
709 3437 823 3490 2nimiu
848 3439 941 3506 (corn,
958 3436 1014 3506 suit
1032 3437 1121 3508 minus)
1198 3424 1228 3490 ⁴¹1
1246 3399 1363 3505 captautd
1382 3440 1406 3509 (e
1424 3439 1476 3492 ini

252 3583 335 3645 corr.)
425 3579 575 3643 conquirenti
595 3575 759 3631 deteriores:
786 3533 947 3644 conqrenlla
1037 3578 1136 3646 daput
1232 3580 1444 3648 lquicquid·

185 3696 188 3700 A
253 3718 287 3772 l0
306 3724 424 3769 erraretur
442 3717 533 3773 Koch:
554 3678 657 3769 oriretur
676 3720 724 3786 (ori
743 3719 770 3772 ln
789 3736 853 3784 ras„
868 3735 924 3788 pro
943 3723 951 3770 i
970 3719 1033 3775 olim
1052 3720 1108 3775 alia
1127 3719 1218 3776 littera
1233 3720 1300 3790 fuiti
1320 3718 1381 3775 cod.
1394 3721 1431 3791 cf.
1445 3720 1476 3775 de

253 3807 328 3862 brou.
342 3807 389 3861 nil.
403 3811 427 3869 7,
450 3811 461 3858 l
484 3810 558 3859 ceteri
576 3809 674 3857 etiamsi
692 3825 756 3858 uana
774 3810 869 3874 gloriae
889 3811 997 3875 imagine
1015 3816 1147 3873 teneantur,
1166 3812 1277 3877 speciose
1296 3817 1380 3862 tamen
1399 3818 1475 3861 errant

360 3896 497 3961 conquisita
523 3913 552 3946 ac
571 3913 627 3946 cum
646 3898 795 3962 imaginibus
813 3900 861 3948 suis
880 3900 1002 3963 descripta
1020 3915 1145 3949 sacrorum
1164 3895 1279 3969 Madm'q
1298 3901 1436 3967 conquisita
1455 3909 1476 3948 et

254 4002 309 4035 cum
329 3984 478 4048 imaginibus
496 3986 544 4033 suis
563 3985 686 4051 descripta
704 4002 828 4036 sacrorum
847 3984 905 4040 E2:
927 3988 1063 4052 conquisita
1082 3995 1115 4040 cti
1134 3988 1264 4052 imaginib;
1285 3989 1334 4038 suis
1352 3989 1475 4054 discripta.

254 4080 277 4122 et
300 4089 424 4122 sacrorum
545 4072 577 4126 12
602 4073 756 4139 comparant*
854 4075 885 4127 13
910 4080 935 4124 at
953 4077 978 4124 in
997 4077 1097 4141 aliquod
1116 4074 1143 4128 Ε
1150 4077 1173 4124 ¹:
1200 4083 1224 4124 at
1248 4075 1385 4141 adaliquod

255 4160 288 4212 15
307 4161 386 4226 possis
400 4158 428 4212 E
434 4160 459 4209 ⁴:
480 4176 565 4225 posses
654 4178 766 4227 rumpere
781 4158 862 4215 Gertz
882 4164 1028 4228 abrumpere
1040 4161 1096 4216 El:
1118 4180 1245 4230 erumpere
1331 4167 1333 4171 ’
1350 4162 1381 4218 19
1394 4171 1476 4230 putare

253 4249 318 4298 leuia
336 4244 467 4318 Madvig:
494 4253 576 4314 putate
600 4251 641 4299 uia
731 4249 765 4302 20
789 4268 863 4314 quam
888 4253 955 4316 quod
979 4269 1035 4301 cum
1061 4254 1132 4302 sciret
1151 4249 1290 4318 Muretus,
1315 4270 1390 4318 quam
1411 4252 1476 4319 quod

254 4337 332 4384 sciens
351 4334 516 4390 Pincianus:
536 4355 611 4404 quam
630 4355 685 4387 cum
704 4338 776 4387 sciret
809 4348 811 4352 ’
872 4338 905 4391 25
933 4347 1020 4389 calena
1039 4347 1074 4389 est
1093 4347 1116 4388 et
1134 4341 1191 4389 laxa
1211 4337 1308 4393 Curio:
1329 4346 1417 4390 catena
1434 4347 1474 4391 erl.

255 4425 329 4482 aliolt
347 4424 403 4473 laxa
494 4425 527 4478 26
547 4427 668 4491 alligatiq5
