3046 5092
155 208 196 266 70
377 188 379 194 ⁴
519 199 598 241 oran.
614 199 651 242 iv.
681 199 721 240 oa
736 199 787 239 rna
803 198 856 241 cru.
872 197 901 242 u.
934 199 964 241 ro.
979 199 1012 239 io.

156 346 257 426 magis
281 364 376 426 quam
400 363 514 424 graues
529 354 601 406 sunt
617 342 813 424 leuioresque
830 343 906 406 dum
925 342 1081 425 incipiunt.
1122 341 1212 404 siccis
1229 340 1429 402 aetatibus

156 450 328 514 uehemens
359 451 551 533 robustaque
581 451 627 512 ira
657 458 718 525 est,
751 450 809 511 sed
833 451 898 510 sine
921 449 1131 523 incremento,
1162 466 1228 509 non
1252 445 1423 508 multurn

144 558 216 633 ,sibi
240 558 386 631 adiciens,
409 557 482 638 quia
505 555 685 618 inclinatum
710 561 847 617 calorem
868 554 965 636 frigus
980 555 1160 636 insequitur.
1198 571 1293 615 senes
1310 551 1357 614 dif
1388 593 1416 604 -

156 663 229 725 ciles
261 672 293 725 et
325 661 444 743 queruli
475 671 560 737 sunt,
591 671 626 723 ut
656 662 742 741 aegri
773 670 805 723 et
833 658 1089 723 conualescentes
1116 667 1149 721 et
1172 677 1313 740 quorum
1336 667 1411 720 aut

31 752 34 758 .
130 748 338 834 slassitudine
362 776 415 829 aut
439 768 635 829 detractione
658 768 815 846 sanguinis
837 766 1009 859 exhaustps
1026 775 1074 828 est
1090 765 1184 828 calor.
1223 766 1255 826 in
1272 765 1401 826 eadem

160 895 254 937 causa
291 883 363 936 sunt
399 875 448 935 siti
484 873 630 956 fameque
660 873 759 935 tabidi
790 883 822 935 et
855 863 967 954 quibus
1006 892 1154 953 exangue
1191 890 1311 951 corpus
1343 879 1398 933 est

155 980 356 1062 maligneque
387 980 477 1042 alitur
508 989 539 1041 et
571 979 685 1042 deficit.
731 980 837 1041 uinum
868 978 1006 1041 incendit
1036 979 1110 1053 iras,
1142 978 1216 1059 quia
1249 976 1389 1043 calorem

156 1094 260 1168 auget.
312 1105 371 1167 pro
403 1086 551 1167 cuiusque
581 1094 692 1147 natura
723 1087 851 1167 quidam
883 1084 959 1147 ebrii
992 1084 1217 1158 efferuescunt,
1257 1083 1384 1164 quidam

155 1193 259 1255 saucii.
296 1213 398 1274 neque
414 1191 476 1254 ulla
492 1191 551 1253 alia
567 1212 661 1253 causa
677 1201 733 1267 est,
750 1212 804 1253 cur
819 1190 1046 1253 iracundissimi
1059 1190 1119 1252 sint
1134 1188 1208 1250 flaui
1224 1188 1381 1250 rubentes-

118 1321 142 1363 ιο
157 1318 232 1380 que,
263 1299 376 1379 quibus
407 1297 475 1360 talis
506 1308 618 1371 natura
648 1297 737 1360 color
768 1286 828 1372 est,
859 1297 958 1379 qualis
981 1296 1047 1358 fieri
1070 1295 1182 1359 ceteris
1204 1295 1288 1356 inter
1310 1295 1379 1355 iram

155 1404 244 1467 solet.
291 1404 416 1467 mobilis
439 1406 522 1466 enim
546 1404 602 1466 illis
626 1405 824 1486 agitatusque
848 1403 974 1484 sanguis
998 1411 1054 1464 est.
1276 1409 1291 1438 ⁶

246 1511 319 1572 XX.
350 1509 416 1573 Sed
447 1511 720 1592 quemadmodum
748 1519 859 1572 natura
887 1510 1045 1590 quosdam
1073 1506 1231 1588 procliues
1254 1506 1286 1569 in
1310 1507 1406 1568 iraml

156 1616 245 1692 facit,
275 1618 318 1680 ita
342 1617 461 1679 multae
483 1618 621 1678 incidunt
644 1637 773 1691 causae,
797 1636 878 1698 quae
901 1615 986 1678 idem
1009 1615 1131 1696 possint
1154 1613 1246 1695 quod
1268 1623 1379 1675 natura.

156 1723 233 1786 alios
256 1724 386 1785 morbus
410 1733 464 1785 aut
486 1725 594 1785 iniuria
616 1743 787 1805 corporum
810 1724 841 1783 in
864 1721 927 1783 hoc
948 1721 1105 1803 perduxit,
1129 1718 1207 1781 alios
1223 1718 1318 1781 labor
1334 1726 1382 1781 aut

118 1859 142 1900 η,
156 1831 304 1892 continua
341 1830 504 1911 peruigilia
542 1838 715 1911 noctesque
752 1828 903 1894 sollicitae
933 1837 966 1890 et
1001 1826 1157 1889 desideria
1187 1845 1381 1906 amoresque.

155 1935 305 2018 quidquid
338 1935 421 1997 aliud
453 1945 507 1997 aut
530 1937 654 2018 corpori
677 1937 783 1998 nocuit
807 1944 861 1997 aut
884 1935 1004 2008 animo,
1037 1952 1166 2012 aegram
1190 1932 1382 1993 mentemin

155 2040 309 2125 querellas
336 2050 436 2123 parat.
483 2043 541 2104 sed
574 2043 681 2103 omnia
703 2042 762 2103 ista
785 2042 869 2104 initia
892 2059 1067 2120 causaeque
1089 2047 1169 2100 sunt.
1216 2038 1409 2120 plurimumt

155 2155 264 2230 potest
288 2150 494 2223 consuetudo,
518 2168 599 2229 quae
622 2149 647 2210 si
669 2149 772 2228 grauis
789 2157 845 2231 est,
869 2146 923 2209 alit
939 2147 1057 2208 uitium.
1096 2150 1242 2206 naturam
1258 2143 1382 2225 quidem

156 2261 279 2315 mutare
311 2253 435 2316 difficile
464 2261 525 2329 est,
559 2274 618 2316 nec
647 2254 719 2316 licet
750 2254 849 2317 semel
880 2255 981 2315 mixta
1009 2250 1383 2313 nascentium'elementa

118 2387 145 2427 io
160 2370 352 2423 conuertere.
398 2361 455 2421 sed
478 2361 509 2420 in
531 2359 595 2422 hoc
618 2381 713 2422 nosse
735 2342 895 2442 profuerit,
919 2368 953 2420 ut
977 2357 1150 2420 calentibus
1165 2356 1297 2436 ingeniis
1312 2355 1382 2418 sub-

156 2465 264 2529 trahas
287 2467 410 2543 uinum,
441 2467 528 2546 quod
551 2467 656 2548 pueris
678 2466 770 2529 Plato
794 2467 976 2546 negandum
999 2472 1090 2546 putat
1113 2472 1145 2525 et
1168 2462 1275 2553 ignem
1299 2469 1383 2524 uetat

155 2573 229 2654 igne
259 2573 385 2635 incitari.
431 2593 491 2634 nec
520 2572 595 2634 cibis
619 2573 749 2654 quidem
772 2571 911 2654 inplendi
935 2580 1015 2633 sunt.
1062 2557 1281 2631 distendentur
1304 2568 1383 2629 enim

157 2700 292 2760 corpora
322 2687 354 2742 et
385 2679 478 2741 animi
502 2700 573 2741 cum
598 2700 732 2762 corpore
755 2688 941 2741 tumescent.
995 2676 1085 2738 labor
1108 2674 1177 2750 illos
1200 2676 1277 2737 citra
1300 2673 1411 2736 lassi-3

156 2785 297 2848 tudinem
321 2798 480 2861 exerceat,
512 2795 546 2849 ut
569 2787 737 2860 minuatur,
768 2806 833 2847 non
862 2794 895 2846 ut
925 2791 1129 2846 consumatur
1151 2779 1237 2842 calor
1259 2781 1382 2842 nimius-

115 2917 141 2957 ia
155 2913 218 2975 que
248 2891 297 2954 ille
329 2891 433 2954 feruor
464 2894 640 2973 despumet.
679 2894 763 2954 lusus
786 2912 913 2973 quoque
929 2891 1112 2971 proderunt.
1152 2887 1286 2949 modica
1303 2887 1394 2969 enim,

158 3070 370 3077 --.———-

159 3228 172 3279 l
191 3221 278 3291 graues
341 3227 431 3290 etatib;
488 3228 559 3276 siccis
572 3229 692 3276 aetatibus
706 3242 801 3279 uerum
814 3240 875 3279 esse
888 3225 987 3295 nequit,
1001 3222 1129 3293 qnoniam
1142 3221 1170 3275 in
1183 3219 1384 3290 eseqeenetas

156 3315 267 3368 siccitas
286 3330 340 3368 iton
357 3312 445 3367 sotum
464 3311 504 3367 ad
521 3319 636 3368 aetatem
655 3313 775 3383 aliquam
793 3313 933 3381 refertar:
955 3314 1047 3382 itaque
1065 3326 1126 3364 aum
1138 3325 1172 3366 tn.
1186 3312 1201 3361 3
1215 3307 1242 3360 in
1262 3309 1385 3379 rnorqine

157 3397 339 3468 adsumpserit
363 3400 475 3462 siccitas,
506 3396 570 3451 uide
594 3414 628 3451 ne
653 3396 794 3467 legardam
819 3398 856 3450 sit
879 3400 1029 3449 siccitatibus
1052 3396 1137 3468 paulo
1162 3396 1313 3451 audaciore
1336 3411 1385 3450 nsit
1423 3426 1429 3445 .

154 3486 287 3558 pitaciis,
312 3492 342 3540 itt
360 3485 438 3558 apud
456 3484 605 3539 Minucium
624 3485 742 3540 Felicem
761 3489 804 3551 36,
825 3489 840 3538 8
865 3488 983 3536 fortitudo
1010 3489 1075 3536 enim
1101 3489 1125 3536 iu
1144 3487 1328 3536 infirmitatibus
1348 3503 1385 3535 ro·

157 3579 273 3634 boraiur3
294 3574 357 3630 olt'ttt
377 3575 545 3629 coniecerant
564 3577 624 3626 sicci
643 3578 697 3642 plus
716 3577 864 3626 habentibus
946 3578 961 3628 2
981 3577 1111 3641 robustaq3
1133 3575 1172 3642 (ro
1191 3574 1277 3641 corr.)
1352 3584 1386 3624 est

158 3664 252 3733 (corr.)
337 3665 465 3730 tiqueruli
551 3665 666 3717 litabidi
687 3662 784 3718 Gertz:
806 3666 887 3714 rabidi
965 3664 1075 3730 Bauget
1092 3681 1138 3729 pro
1157 3665 1273 3728 cuiusque
1290 3669 1385 3714 natura.

156 3755 256 3820 quidam
276 3752 366 3824 arelao,
391 3753 632 3823 interpunctionem
656 3751 810 3807 emendavit
831 3752 912 3807 Gertz
1028 3753 1060 3805 13
1080 3769 1126 3818 que
1146 3753 1171 3819 (e
1189 3750 1274 3819 corr.)

160 3843 190 3895 14
211 3844 283 3893 labor
303 3849 343 3893 aut
363 3842 385 3909 (r
405 3850 445 3891 aut
463 3842 491 3894 in
510 3841 578 3910 res.)
693 3843 725 3896 lu
744 3844 816 3909 qdqd
835 3842 928 3909 (corr,
945 3839 1002 3910 snit
1019 3850 1054 3907 qt.
1067 3841 1105 3907 qt)
1215 3841 1282 3889 aliud
1301 3840 1331 3906 (d
1349 3853 1387 3893 ex

157 3932 263 3999 teorr.)
340 3931 372 3984 17
386 3932 495 3997 querelas
509 3931 546 3998 (es
561 3930 587 3984 in
601 3946 666 3999 ras,
677 3929 732 4000 fnit
745 3931 775 3983 ni
782 3929 870 4001 fallor
882 3932 928 3997 las)
1005 3931 1036 3983 18
1049 3932 1069 3979 si
1082 3931 1164 3995 grauis
1177 3936 1213 3979 est
1225 3928 1278 3982 aire
1292 3945 1387 3982 nerem

158 4025 205 4082 est,
226 4020 313 4090 inagis
330 4019 439 4091 placeat
456 4021 477 4070 si
496 4020 643 4085 ingrauescit
740 4019 774 4074 20
792 4022 909 4086 profuerit
928 4018 1053 4089 Lassira:
1074 4019 1166 4084 profuit
1231 4026 1233 4029 '
1256 4019 1386 4067 subtrahas

159 4111 215 4173 (has
234 4108 260 4160 in
280 4110 348 4175 ras.)
422 4108 454 4161 21
475 4108 543 4174 plato
562 4110 680 4173 neganda
700 4106 768 4171 eorl,
789 4109 851 4161 item
864 4108 977 4177 priores
996 4105 1136 4178 editiones,
1155 4107 1296 4171 negandum
1317 4108 1387 4156 Plato

157 4194 271 4249 Fieicert
290 4206 317 4250 et
329 4195 423 4252 Haase
495 4197 528 4250 22
548 4198 607 4262 iguo
628 4197 666 4261 (in
685 4196 808 4267 marotiae
821 4212 854 4251 tn.
868 4196 915 4250 alt.
936 4204 1000 4246 uetat
1019 4195 1086 4261 igne)
1159 4195 1279 4259 implendi
1299 4198 1336 4260 (m
1350 4208 1388 4248 ea:

159 4285 271 4351 ucerr.)
328 4291 382 4336 sunt
397 4283 593 4354 Neapolitano:
615 4287 661 4335 sint
716 4288 749 4339 233
770 4287 830 4336 citra
851 4285 889 4351 (iri
904 4286 971 4350 ros)
1027 4283 1060 4336 '24
1080 4292 1192 4334 exerceat
1211 4284 1252 4349 (ea
1271 4283 1298 4336 in
1319 4284 1386 4349 ras.)
