3046 5092
159 341 220 402 148
400 335 479 377 DlAL.
494 335 531 377 Vl.
561 335 603 375 AD
618 334 761 376 MARCIAM
778 335 817 374 DE
832 332 1075 394 CONSOLnTIONE.
1104 336 1139 378 22.

156 482 298 556 euadere,
323 492 356 544 ut
380 483 421 543 ad
445 490 641 543 senectutem
662 480 813 542 inlaesum
830 464 981 562 perferret
996 479 1118 542 formae
1135 481 1252 541 decus?
1277 479 1386 559 cogita

156 591 249 652 animi
273 589 356 651 mille
380 588 474 659 labes.
514 609 617 669 neque
641 591 722 649 enim
739 597 826 650 recta
842 589 966 668 ingenia
981 586 1106 667 qualem
1123 588 1153 648 in
1169 585 1387 648 adulescentia

156 717 245 777 spem
277 697 323 758 sui
354 695 492 765 fecerant
524 716 623 776 usque
654 696 684 755 in
714 704 910 757 senectutem
934 714 1059 775 semper
1082 693 1294 774 pertulerunt,
1327 693 1386 754 sed

156 805 327 864 interuersa
349 801 535 883 plerumque
558 811 648 862 sunt:
683 811 737 862 aut
760 821 830 862 sera
854 821 956 881 eoque
980 799 1103 862 foedior
1125 798 1248 860 luxuria
1270 799 1387 861 inuasit

129 932 140 969 5
156 911 323 992 coepitque
346 908 556 970 dehonestare
580 909 723 988 speciosa
746 909 902 988 principia.
940 917 995 968 aut
1011 908 1041 967 in
1056 908 1206 988 popinam
1223 916 1385 968 uentrem-

155 1037 217 1098 que
247 1015 481 1098 procubuerunt
512 1016 570 1076 toti
601 1035 788 1095 summaque
818 1014 875 1074 illis
899 995 1041 1075 curarum
1065 1012 1138 1087 fuit,
1168 1013 1244 1094 quid
1269 1022 1387 1087 essent,

156 1125 230 1204 quid
262 1123 414 1183 biberent.
466 1123 554 1183 adice
585 1122 743 1195 incendia,
774 1124 892 1194 ruinas,
924 1119 1084 1200 naufragia
1114 1119 1420 1200 lacerationesque3

157 1229 351 1290 medicorum
376 1248 448 1289 ossa
472 1229 548 1289 uiuis
569 1227 739 1307 legentium
757 1236 789 1288 et
804 1235 888 1288 totas
905 1228 934 1287 in
951 1228 1070 1288 uiscera
1086 1247 1196 1288 manus
1214 1228 1386 1289 demitten-

156 1339 233 1396 tium
257 1345 289 1396 et
312 1355 375 1396 non
393 1344 457 1413 per
478 1333 651 1414 simplicem
669 1335 814 1395 dolorem
830 1334 981 1414 pudenda
996 1333 1178 1394 curantium.
1214 1332 1389 1414 posthaec

118 1459 141 1499 u
156 1441 302 1502 exilium:
330 1462 393 1502 non
417 1439 471 1502 fuit
494 1442 690 1502 innocentior
713 1438 791 1501 filius
814 1448 886 1501 tuus
910 1460 1005 1520 quam
1022 1439 1173 1514 Rutilius;
1201 1460 1384 1502 carcerem:

156 1568 220 1608 non
250 1547 306 1609 fuit
331 1548 500 1627 sapientior
522 1568 618 1627 quam
642 1546 809 1621 Socrates;
844 1547 1020 1608 uoluntario
1043 1545 1171 1607 uolnere
1195 1546 1386 1608 transfixum

156 1664 285 1736 pectus:
332 1675 394 1714 non
430 1653 486 1714 fuit
521 1655 658 1715 sanctior
693 1674 789 1734 quam
826 1652 925 1715 Cato:
947 1660 948 1663 ’
969 1674 1041 1714 cum
1078 1654 1137 1714 ista
1173 1654 1386 1734 perspexeris

156 1762 234 1822 scies
266 1761 386 1842 optime
418 1781 488 1822 cum
519 1761 567 1821 his
598 1761 665 1840 agi,
696 1780 775 1840 quos
799 1769 924 1833 natura,
955 1761 1027 1840 quia
1054 1759 1123 1820 illos
1146 1758 1209 1819 hoc
1232 1759 1388 1821 manebat
1415 1840 1419 1847 Ι

155 1867 238 1927 uitae
261 1854 460 1947 stipendium,
485 1868 546 1928 cito
570 1868 600 1927 in
624 1876 724 1928 tutum
749 1869 873 1947 recepit.
913 1865 986 1926 nihil
1010 1875 1057 1926 est
1080 1875 1146 1926 tam
1169 1864 1266 1926 fallax
1287 1863 1386 1947 quam

118 1993 142 2032 u>
156 1973 221 2033 uita
240 1973 386 2048 humana,
409 1972 483 2034 nihil
504 1983 570 2035 tam
586 1974 788 2035 insidiosum:
815 1993 877 2033 non
895 1993 947 2034 me
962 1972 1104 2034 hercules
1119 1972 1282 2053 quisquam
1300 1970 1387 2033 illam

156 2080 336 2160 accepisset,
360 2080 417 2140 nisi
440 2081 566 2141 daretur
589 2079 794 2141 inscientibus.
838 2081 944 2159 itaque
966 2079 991 2141 si
1014 2077 1224 2140 felicissimum
1248 2087 1297 2140 est
1322 2099 1388 2141 non

156 2187 249 2260 nasci,
272 2188 454 2268 proximum
478 2194 555 2266 puto
580 2187 665 2247 breui
688 2186 742 2247 lite
766 2185 931 2247 defunctos
954 2187 1016 2246 cito
1036 2187 1069 2247 in
1083 2186 1240 2265 integrum
1258 2187 1387 2248 restitui

156 2313 300 2373 propone
322 2293 398 2353 illud
422 2293 658 2354 acerbissimum
682 2293 739 2354 tibi
761 2302 895 2374 tempus,
919 2305 982 2374 quo
999 2271 1130 2354 Seianus
1152 2301 1278 2373 patrem
1296 2301 1386 2354 tuum
1404 2302 1419 2353 4

157 2396 260 2460 clienti
290 2419 348 2459 suo
373 2397 477 2461 Satrio
501 2398 650 2461 Secundo
681 2399 874 2480 congiarium
906 2400 1000 2460 dedit.
1026 2382 1238 2463 ¹irascebatur
1267 2396 1327 2459 illi·
1342 2399 1385 2461 ob

116 2524 142 2564 20
157 2525 252 2566 unum
276 2515 330 2566 aut
353 2505 485 2567 alterum
509 2505 633 2567 liberius
656 2508 785 2581 dictum,
808 2507 895 2587 quod
919 2506 1030 2567 tacitus
1053 2504 1133 2567 serre
1156 2525 1220 2565 non
1236 2514 1386 2585 potuerat

156 2609 304 2673 Seianum
340 2613 370 2673 in
402 2615 538 2674 ceruices
569 2622 694 2675 nostras
725 2634 764 2674 ne
795 2614 901 2694 inponi
931 2613 1076 2693 quidem,
1115 2613 1171 2673 sed
1203 2614 1386 2702 escendere.

157 2719 385 2780 decernebatur
408 2719 447 2781 illi
471 2728 575 2782 statua
598 2721 627 2781 in
645 2721 777 2801 Pompei
800 2719 926 2781 theatro
948 2720 1106 2800 ponenda,
1130 2720 1217 2801 quod
1234 2729 1385 2782 exustum

71 2825 78 2841 '
157 2822 273 2886 Caesar
300 2825 472 2888 'reficiebat
507 2826 710 2888 'exclamauit
735 2824 858 2887 Cordus
888 2834 963 2887 tunc
995 2847 1068 2887 uere
1090 2825 1250 2887 theatrum
1273 2827 1385 2907 perire.

156 2933 230 3011 quid
262 2936 360 3013 ergo?
393 2954 457 2995 non
490 2942 687 3014 rumperetur
716 2953 810 3014 supra
841 2934 959 2994 cineres
991 2932 1046 2994 Cn.
1074 2933 1207 3014 Pompei
1237 2933 1418 2995 constituib

116 3055 142 3096 u
156 3037 304 3100 Seianum
329 3048 360 3100 et
384 3042 414 3101 in
437 3041 651 3102 monumentis
675 3041 806 3101 maximi
821 3039 1018 3120 imperatoris
1035 3040 1210 3101 consecrari
1225 3040 1385 3121 perfidum

157 3144 308 3207 militem?
340 3157 540 3209 consecratur
570 3146 763 3227 subscriptio
811 3156 842 3207 et
865 3147 1006 3207 acerrimi
1030 3166 1139 3221 caneS,
1170 3166 1252 3227 quos
1275 3147 1327 3209 ille
1350 3157 1386 3210 ut

157 3410 173 3462 2
193 3410 358 3460 adulescentia
378 3408 544 3462 deteriores:
571 3411 760 3460 adulescentiam
863 3411 879 3463 3
899 3427 996 3475 semper
1014 3411 1163 3475 pertulerunt
1183 3406 1280 3462 Gertz:
1303 3417 1385 3476 pertu-

158 3498 234 3547 lemnt
318 3498 333 3549 l
353 3516 406 3548 sera
426 3515 481 3562 eoq;
503 3499 583 3561 sedior
603 3498 628 3565 (a
642 3516 698 3564 eoq;
719 3499 745 3551 in
766 3500 832 3562 rac.)
918 3499 933 3549 h
958 3500 1089 3563 coepitque
1108 3496 1264 3575 Schultess:
1286 3501 1383 3566 cogitq3

247 3586 262 3638 6
282 3588 462 3652 procubuerunt
480 3590 523 3635 toti
544 3585 672 3657 Madai'p:
694 3605 739 3654 pro
759 3590 803 3637 toti
899 3588 1075 3653 inaufragias
1095 3587 1116 3651 (s
1136 3585 1199 3654 del.)
1299 3587 1316 3641 9
1335 3606 1387 3639 non

157 3692 201 3740 per
225 3676 363 3741 simplicem
389 3671 552 3728 Pincianus:
579 3693 628 3725 uon
653 3678 807 3742 simplicem
901 3677 931 3729 11
957 3679 1057 3739 uolnere
1082 3675 1247 3731 deteriores:
1273 3678 1386 3728 uoluerat

375 3776 402 3802 Χθ

254 3817 288 3870 12
306 3819 427 3882 persperis
525 3818 555 3871 13
576 3781 612 3867 his
709 3818 741 3871 14
761 3821 810 3884 uite
829 3821 896 3884 (ras,
914 3823 979 3889 past
995 3836 1009 3883 9
1028 3812 1195 3879 κί’ῑιίάθὶην)
1294 3819 1384 3872 15111-

157 3908 275 3956 sidiosum
296 3904 460 3959 deteriores:
482 3909 572 3957 insidio
682 3908 713 3960 16
738 3905 896 3958 inscientibus
915 3907 978 3961 olim
996 3915 1163 3961 correctam:
1184 3909 1275 3958 intibus
1346 3929 1351 3938 ·

109 3996 191 4048 -17
211 3997 280 4046 breui
298 3996 340 4045 lite
365 3993 457 4048 Koch:
478 3998 597 4046 breuitate
693 3999 783 4046 restitui
802 3995 864 4050 alim
891 4003 1057 4051 correctam:
1079 3999 1162 4047 resiste
1265 3995 1300 4049 18
1324 3998 1384 4048 illud

159 4085 185 4150 (d
203 4100 241 4138 aa
261 4092 269 4134 t
288 4084 371 4150 carr.)
477 4084 509 4137 19
529 4086 637 4150 secundo
739 4085 773 4138 20
792 4088 891 4137 liberius
911 4085 1076 4139 deteriores:
1101 4087 1202 4136 libertus
1304 4086 1340 4140 21
1358 4102 1385 4136 se

158 4174 305 4223 descendere
407 4173 441 4226 22
459 4178 524 4242 post
542 4181 648 4222 exustum
668 4171 767 4227 laeana
864 4176 896 4229 23
917 4191 973 4239 uere
1075 4174 1108 4243 25
1127 4176 1326 4225 monimentis·
1391 4191 1393 4194 ⁴

158 4261 191 4314 2ss
217 4270 374 4313 consecratur
398 4259 458 4314 aad.
485 4264 668 4312 consarcinatur
694 4262 803 4333 [ἱρείας
827 4267 987 4315 concinnatur
1006 4262 1135 4333 Maduiq,
1158 4262 1210 4317 aad
1227 4272 1383 4315 cousecratur

159 4358 249 4404 ortam
268 4367 326 4405 esse
345 4350 494 4405 uerisimile
512 4356 554 4405 est
572 4367 609 4405 ea
627 4351 799 4408 antecedenti
816 4356 962 4416 consecrari,
981 4356 1012 4407 ut
1027 4352 1149 4421 fortasse
1166 4351 1211 4406 la'c
1228 4368 1337 4424 qaoque
1353 4357 1384 4406 at

160 4438 215 4497 lad.
236 4439 270 4494 de
289 4446 376 4494 morte
396 4438 506 4494 Claudii
524 4444 565 4507 14,
587 4445 599 4494 1
620 4441 795 4496 scribendam
812 4444 848 4496 sit
864 4446 944 4493 editur
961 4444 1108 4508 subscriptio
1259 4427 1260 4431 ¹
