3046 5092
519 338 559 377 DE
574 337 686 379 CODlCE
701 337 940 380 MEDIOLANENSI.
1310 338 1351 378 XV

210 485 245 545 ln
268 485 339 566 ipso
363 485 474 545 codice
497 482 581 544 nulla
604 482 668 546 fere
694 484 872 544 discrimina
896 492 1070 557 occurrunt,
1094 484 1151 544 nisi
1172 485 1258 565 quod
1283 483 1351 544 libri

124 592 160 653 de
183 594 230 652 ira
257 594 269 650 1
298 611 324 651 c.
352 596 364 650 1
393 599 425 653 et
449 593 467 651 2
493 609 592 670 usque
624 591 664 651 ad
697 589 795 651 uerba
818 595 923 666 cupitis
947 594 1077 666 dompno
1102 610 1196 651 manu
1220 590 1350 676 Longo·

123 697 251 760 bardica
281 695 332 758 illa
362 697 509 778 quidem,
540 697 598 757 sed
637 695 738 757 multo
771 696 946 757 recentiore
976 697 1092 775 pagina
1115 697 1258 773 ,aduersa
1288 694 1353 757 folii

69 835 71 838 ’
122 804 287 878 undecimi,
311 825 407 885 quarn
424 823 557 864 uacuam
573 801 739 883 reliquerat
760 822 872 862 manus
891 803 984 882 prior,
1009 801 1138 883 expleta
1154 812 1209 864 est.
1258 801 1349 863 Cete-

120 931 225 973 rarum
250 910 435 990 paginarum
460 909 601 970 omnium
626 929 687 969 una
710 916 758 970 est
782 928 910 981 manus,
942 909 974 969 id
1006 916 1054 969 est
1083 928 1146 968 uno
1174 917 1206 969 et
1230 906 1351 989 aequali

119 1027 231 1079 tenore
263 1026 335 1077 sunt
359 1023 524 1089 exaratae,
558 1011 657 1075 modo
681 1015 821 1088 nitidius,
853 1014 952 1076 modo
977 1017 1127 1088 crassius;
1161 1010 1261 1076 modo
1285 995 1350 1074 dili'.

117 1117 259 1203 gentius,
291 1123 391 1183 modo
423 1120 641 1201 neglegentius
672 1130 704 1181 et
732 1123 951 1202 properantius
963 1147 970 1195 ;
1004 1122 1114 1182 litteris
1146 1122 1245 1182 modo
1277 1120 1351 1184 atris

117 1239 148 1293 et
171 1227 356 1309 splendidis,
381 1229 481 1288 modo
504 1227 649 1288 tenuibus
673 1236 705 1288 et
728 1225 793 1288 fere
818 1228 958 1288 euanidis
980 1230 1168 1307 saepiusque
1192 1227 1353 1289 utilissima

117 1355 218 1419 opera
249 1333 383 1396 fideliter
413 1335 573 1395 renouatis
605 1343 637 1394 et
669 1334 866 1414 recuperatis
913 1333 1017 1420 Prima
1046 1353 1157 1394 manus
1181 1337 1248 1415 ipsa
1271 1355 1350 1395 non-

116 1460 311 1522 numquam,
335 1441 392 1500 sed
417 1459 488 1500 raro
512 1448 635 1513 tamen,
659 1438 797 1519 singulas
826 1439 944 1502 litteras
968 1459 1062 1519 supra
1085 1439 1198 1500 lineam
1222 1441 1351 1514 addidit,
1438 1435 1459 1449 '

116 1549 244 1628 saepius
271 1566 278 1624 3
305 1547 336 1606 in
366 1545 428 1606 fine
452 1545 695 1619 uocabulorum,
725 1546 885 1634 ceteroqui
909 1565 990 1626 quae
1013 1546 1093 1606 inter
1116 1545 1213 1608 lineas
1236 1548 1351 1609 inueni·
1445 1627 1447 1629 ι

116 1663 222 1728 untur,
246 1661 300 1714 aut
324 1653 366 1713 ad
390 1672 518 1713 manum
543 1650 675 1714 alteram
699 1662 753 1713 aut
777 1654 818 1713 ad
839 1654 1049 1712 recentiorum
1073 1654 1353 1732 interpretamenta

117 1755 285 1822 reserenda
315 1767 397 1820 sunt.
449 1758 664 1839 Interpunctio
702 1761 777 1838 quin
808 1778 843 1819 se
874 1759 961 1819 initio
992 1758 1066 1818 solis
1097 1762 1219 1837 punctis
1251 1763 1350 1821 conti-

121 1868 226 1928 nuerit
262 1886 335 1927 cum
368 1864 499 1926 dubium
524 1884 586 1925 non
617 1866 666 1938 sit,
689 1875 802 1945 postea
825 1865 931 1925 omnia
954 1865 1059 1943 signa,
1091 1885 1172 1945 quae
1197 1864 1258 1927 huc
1280 1887 1350 1947 per-

121 1974 239 2047 tinent,
269 1971 481 2045 accedebant,
514 1991 614 2051 aeque
645 1991 682 2032 ac
713 1970 845 2032 lineolae
876 1972 988 2051 quibus
1016 1970 1067 2031 uel
1091 1970 1245 2032 uocabula
1270 1971 1352 2033 male

116 2077 270 2160 copulata
308 2077 485 2158 separanda
524 2076 574 2137 uel
605 2077 687 2138 male
724 2078 877 2138 disiuncta
908 2074 1129 2156 coniungenda
1159 2098 1229 2138 esse
1258 2079 1351 2158 signi-

112 2186 238 2247 ficatur⁴
287 2183 436 2245 Ceterum
460 2185 598 2245 correxit
622 2183 671 2244 uel
695 2185 738 2244 sic
762 2193 869 2245 tamen
893 2185 994 2264 prima
1018 2203 1128 2245 manus
1151 2175 1232 2264 quae
1256 2186 1350 2266 scrip-

112 2300 204 2354 serat
228 2290 407 2372 aliquoties,
431 2292 488 2351 sed
509 2293 553 2351 ita
565 2299 603 2375 ut
622 2288 736 2351 lineola
759 2300 938 2352 transuersa
960 2310 1043 2369 quae
1066 2290 1169 2351 minus
1192 2289 1353 2371 placerent

116 2397 262 2471 deleret,
297 2417 538 2477 nonnumquam
567 2397 691 2477 punctis
728 2397 861 2471 additis,
900 2395 998 2457 semel
1029 2395 1103 2457 solis
1133 2398 1257 2476 punctis
1288 2418 1351 2459 usa.

116 2505 236 2586 Itaque
256 2503 357 2565 habes
385 2507 409 2573 1,
436 2503 463 2580 3,
483 2502 501 2562 3
520 2508 574 2600 illis
598 2522 647 2582 se,
677 2504 705 2575 3,
731 2505 748 2564 7
773 2512 902 2567 seootou
928 2513 971 2582 et,
999 2505 1027 2583 3,
1058 2505 1076 2565 8
1107 2508 1220 2564 ostendi
1248 2514 1350 2585 et-et;

120 2634 151 2711 5,
183 2631 231 2701 13,
256 2629 275 2688 2
299 2630 594 2703 summes-deofl
621 2629 701 2705 17,1
731 2632 910 2688 alexandrie.
933 2606 1049 2707 mmm
1069 2607 1109 2699 3⁹5⁸?
1135 2629 1183 2706 17,
1208 2631 1227 2687 4
1252 2633 1301 2706 qui
1323 2634 1354 2690 io

120 2750 197 2823 illo,
218 2743 266 2822 18,
288 2746 300 2802 1
315 2745 464 2819 amputari
480 2747 582 2819 linquo
597 2762 678 2814 mon,
696 2742 749 2803 ubi
765 2741 878 2803 frustra
891 2741 987 2804 Gertz
1000 2764 1030 2824 p.
1041 2745 1080 2805 35
1099 2748 1227 2819 linquam
1245 2743 1351 2805 desen-

121 3093 152 3165 7,
171 3091 237 3168 9,4
261 3093 332 3167 itaq.
362 3107 547 3166 qdeerros3
577 3090 627 3161 17,
652 3092 671 3150 2
695 3108 749 3150 cur
772 3092 821 3151 tior·
836 3094 956 3151 nitidior
978 3094 1116 3166 seppdee
1135 3096 1268 3166 supellex
1291 3096 1354 3151 est?

123 3200 181 3268 10,
214 3197 247 3268 9,
280 3198 298 3255 2
335 3200 392 3256 nisi
423 3213 572 3271 occupes,
609 3198 688 3272 freed
727 3173 1227 3273 qod-eaeders-ioqrod—qmd
1245 3216 1353 3258 sessos.
1391 3276 1394 3283 Ι

120 3302 200 3384 Quo
232 3302 335 3382 magis
365 3302 542 3363 mirandum
567 3313 615 3362 est
644 3302 780 3362 duobus.
798 3300 874 3362 locis
905 3306 932 3378 o,
950 3305 1001 3376 21,
1027 3307 1045 3363 5
1069 3308 1112 3365 se'e
1139 3305 1246 3364 hubent
1276 3308 1355 3363 illum

117 3413 246 3471 alterius
277 3412 455 3483 dilioeodom
486 3427 524 3469 ex
555 3412 673 3469 coasilio
699 3414 867 3486 perdidisse
897 3410 995 3469 uerba
1024 3413 1145 3470 ulterius
1175 3413 1353 3484 diliqeno'um

120 3514 231 3576 deleta
266 3534 331 3575 non
361 3534 431 3575 esse
465 3532 524 3574 nec
555 3517 584 3587 7,
609 3516 701 3593 24,3
735 3534 813 3593 quoe
843 3535 902 3577 ooo
934 3535 993 3592 quo
1025 3518 1122 3576 liberis
1145 3518 1273 3577 debetur.
1302 3520 1357 3576 sed

121 3627 194 3725 qudo
225 3619 324 3709 liberis
354 3630 483 3709 debetur.
513 3652 638 3724 sedqoio
677 3651 788 3710 alibero
819 3652 918 3709 animo
943 3653 1145 3724 proficiscitur
1175 3648 1273 3709 uerba
1302 3653 1357 3709 sed

121 3759 195 3858 qu²o
218 3782 315 3840 libero
346 3782 476 3842 debetur.
520 3779 605 3841 Intra
635 3758 695 3842 hos
717 3783 885 3855 terminos,
917 3781 959 3841 ad
982 3800 1063 3861 quos
1081 3782 1241 3843 ‘accedunt
1264 3783 1355 3862 pauci

122 3886 186 3948 loci
216 3885 331 3966 quibus
361 3886 460 3947 uerba
489 3888 569 3947 inter
599 3907 634 3947 se
667 3889 820 3949 mutanda
851 3907 921 3947 esse
959 3888 1072 3947 eadem
1096 3889 1213 3967 prima
1245 3907 1355 3948 manus

122 3993 289 4066 indicauit,
321 3994 345 4053 si
377 3994 558 4053 emendatio
591 3995 708 4054 codicis
732 4013 766 4053 se
795 3993 1016 4068 continuisset,
1047 4002 1081 4054 ut
1112 3992 1217 4054 multis
1247 4013 1354 4074 super·
1389 4033 1391 4041 ι

123 4101 310 4160 sederemus
340 4099 455 4173 turbiS,
493 4100 537 4160 ita
568 4119 686 4179 magno
719 4109 750 4160 et
780 4120 909 4180 prorsus
947 4119 1032 4161 nouo
1063 4101 1170 4161 critico
1201 4101 1355 4181 adparatu

124 4225 313 4267 careremus.
360 4204 470 4285 Atque
493 4205 606 4267 turbae
628 4205 699 4267 illae
721 4208 956 4267 interuenerunt
977 4207 1108 4267 radendi
1129 4213 1161 4266 et
1178 4205 1356 4286 corrigendi

124 4311 354 4393 inportunitate
377 4332 434 4392 per
456 4319 560 4373 totum
584 4313 728 4373 codicem
760 4320 918 4391 grassata,
950 4313 1120 4393 adparatus
1142 4313 1231 4392 quasi
1254 4332 1355 4372 nouus

125 4425 157 4478 et
181 4416 363 4479 utilissimus
387 4437 481 4478 manu
506 4417 612 4480 altera.
