3046 5092
419 326 498 368 uine.
514 327 551 369 rv.
576 326 618 366 oa
631 326 684 366 uzu
698 326 754 368 un.
770 327 799 370 11.
812 332 833 370 a
848 333 870 371 s.
1214 333 1255 395 59

10 500 13 505 ·
41 475 182 539 lrationem
210 475 311 536 euicit
356 476 492 555 primum
521 474 606 537 illum
638 476 732 537 animi
759 475 856 536 ictum
880 473 1021 555 effugere
1047 475 1169 536 ratione
1191 494 1257 536 non

62 600 207 662 possumus,
232 582 311 643 sicut
334 601 375 642 ne
397 581 448 643 illa
471 583 600 663 quidem
623 602 706 662 quae
727 581 865 643 diximus
894 581 1038 643 accidere
1060 580 1255 662 corporibus,

61 706 89 746 ne
105 706 151 748 nos
173 687 319 749 oscitatio
344 686 445 750 aliena
468 687 621 763 sollicitet,
645 707 686 749 ne
700 686 782 750 oculi
797 688 839 750 ad
855 689 1094 749 intentationem
1118 686 1254 748 subitam

10 814 17 873 g.
61 795 198 874 digitorum
223 795 467 874 conprimantur.
513 795 573 856 ista
595 815 659 856 non
682 802 790 876 potest
805 796 885 857 ratio
902 795 1034 869 uincere,
1058 794 1254 855 consuetudo

10 884 160 981 3¹'l0rtasse
190 909 222 962 et
254 900 386 962 adsidua
424 900 605 963 obseruatio
643 909 804 963 extenuat.
849 900 929 963 'alter
959 900 1010 962 ille
1041 908 1164 973 motus,
1203 901 1282 982 quis

59 1008 142 1068 iudicio
163 1006 307 1082 nascitur,
331 1007 445 1069 iudicio
468 1006 594 1069 tollitur.

38 1120 46 1171 l
69 1138 79 1202 ⁴·
121 1113 156 1175 V.
187 1111 267 1174 Illud
291 1114 471 1174 etiamnunc
494 1113 709 1195 quaerendum
733 1122 790 1190 est,
812 1111 853 1188 hi,
877 1113 929 1195 qui
949 1113 1048 1194 uolgo
1063 1113 1206 1174 saeuiunt
1223 1120 1256 1174 et

10 1214 12 1243 ¹
58 1220 178 1300 sanguine
192 1219 334 1281 humano
357 1220 508 1300 gaudent,
531 1240 571 1281 an
595 1221 774 1295 irascantur,
798 1241 870 1282 cum
894 1240 950 1281 eos
974 1218 1130 1294 occidunt,
1153 1239 1173 1280 a
1188 1220 1254 1301 qui-

10 1336 12 1393 ζ
58 1325 98 1386 bus
113 1347 166 1388 nec
184 1334 374 1408 acceperunt
395 1326 535 1388 iniuriam
554 1347 613 1388 nec
630 1325 789 1409 accepisse
807 1327 864 1408 ipsi
876 1346 911 1387 se
931 1327 1129 1389 existimant:
1156 1325 1255 1408 qualis

10 1418 12 1503 J
37 1429 311 1514 lfuitApollodorus
327 1441 382 1494 aut
397 1431 543 1500 Phalaris.
582 1432 662 1494 haec
677 1453 742 1495 non
758 1441 805 1494 est
821 1433 873 1506 ira,
889 1430 994 1494 feritas
1010 1442 1067 1495 est.
1090 1452 1154 1494 non
1164 1433 1254 1494 enim
1271 1450 1296 1490 ru

10 1580 12 1613 ,
59 1538 108 1618 quia
120 1539 236 1620 accepit
251 1539 392 1600 iniuriam
407 1548 511 1613 nocet,
527 1538 584 1601 sed
598 1548 710 1621 parata
725 1547 782 1614 est,
798 1540 876 1600 dum
892 1547 1015 1614 noceat,
1030 1538 1081 1600 uel
1090 1539 1254 1620 :accipere

10 1622 13 1657 ¹
59 1643 151 1705 necilli
172 1644 307 1706 uerbera
329 1643 598 1727 lacerationesque
628 1646 659 1706 in
681 1645 833 1707 ultionem
857 1653 1014 1726 petuntur,
1038 1647 1096 1706 sed
1120 1647 1151 1706 in
1166 1645 1253 1707 uolu-

38 1752 158 1829 lptatem.
197 1751 273 1834 quid
294 1755 389 1832 ergo?
413 1751 504 1832 origo
520 1751 610 1813 huius
626 1751 699 1813 mali
715 1751 757 1813 ab
780 1751 825 1813 ira
849 1760 904 1826 est,
928 1772 1010 1833 quae
1025 1751 1078 1813 ubi
1101 1751 1254 1833 frequenti

61 1858 255 1919 exercitatione
286 1866 318 1919 et
346 1858 491 1920 satietate
513 1857 545 1918 in
567 1857 761 1919 obliuionem
785 1857 971 1919 clementiae
993 1858 1079 1919 uenit
1102 1866 1134 1919 et
1157 1878 1254 1918 omne

60 1957 142 2024 loedus
162 1963 336 2026 humanum
360 1964 450 2026 eiecit
473 1965 596 2040 animo,
627 1965 797 2026 nouissime
826 1965 856 2025 in
880 1963 1097 2026 crudelitatem
1121 1955 1249 2026 transit:
1268 1987 1293 2026 15

61 2065 134 2131 rident
152 2071 257 2153 itaque
283 2070 485 2152 gaudentque
508 2081 541 2133 et
561 2071 725 2152 uoluptate
741 2070 841 2132 multa
856 2068 1055 2152 perfruuntur
1069 2069 1251 2151 plurimum-

39 2172 103 2251 lque
119 2175 153 2237 ab
176 2177 328 2239 iratorum
352 2176 439 2238 uoltu
463 2177 586 2253 absunt,
610 2197 667 2260 per
682 2178 783 2239 otium
807 2177 901 2239 saeui.
939 2176 1152 2239 Hannibalem
1168 2178 1254 2238 aiunt

16 2294 19 2299 ’
61 2276 157 2358 dixisse,
180 2303 253 2345 cum
276 2282 395 2345 fossam
418 2284 570 2365 sanguine
592 2283 732 2345 humano
756 2281 1054 2365 plenamuidisset:
1089 2304 1109 2344 o
1133 2283 1252 2344 sormo-

61 2401 108 2447 sum
126 2389 352 2469 spectaculum!
384 2400 502 2472 quanto
526 2389 683 2471 pulchrius
707 2390 748 2451 illi
771 2391 871 2451 uisum
895 2397 988 2464 esset,
1011 2391 1035 2451 si
1058 2389 1176 2451 flumen
1199 2389 1252 2450 ali-

61 2495 123 2568 quod
141 2495 283 2557 lacumue
305 2496 505 2578 conplesset?
529 2497 604 2582 quid
628 2497 751 2571 mirum,
774 2496 799 2556 si
821 2495 885 2557 hoc
908 2497 1049 2557 maxime
1071 2494 1292 2576 spectaculum

62 2601 149 2678 caperis
170 2603 296 2664 innatus
318 2603 460 2683 sanguini
484 2611 516 2664 et
539 2603 581 2664 ab
605 2601 722 2664 infante
739 2601 888 2663 caedibus
905 2602 1074 2663 admotus?
1105 2610 1253 2683 sequetur

62 2707 84 2761 te
104 2704 215 2768 fortuna
246 2706 422 2770 crudelitati
454 2717 528 2770 tuae
559 2729 616 2790 per
647 2709 755 2789 uiginti
784 2728 888 2770 annos
926 2709 1064 2769 secunda
1102 2708 1253 2790 dabitque
1321 2779 1324 2785 ‚

62 2809 131 2873 Oculis
155 2815 216 2876 tuis
244 2823 370 2895 gratum
400 2815 517 2896 ubique
554 2814 777 2897 spectaculum.
824 2814 945 2876 uidebis
981 2816 1064 2876 istud
1102 2824 1135 2877 et
1172 2816 1254 2877 circa

62 2909 283 2983 Trasumennum
296 2929 328 2982 et
344 2921 425 2982 circa
434 2921 559 2984 Cannas
583 2930 616 2983 et
631 2922 801 2983 nouissime
818 2921 898 2982 circa
914 2920 1140 3001 Carthaginem
1155 2930 1252 2982 tuam.

42 3015 166 3109 lllolesus
185 3046 286 3108 nuper
301 3027 360 3088 sub
376 3028 451 3088 diuo
468 3026 618 3106 Augusto
642 3049 701 3109 pro
718 3027 847 3089 consule
866 3026 973 3100 Asiae,
998 3047 1069 3088 cum
1093 3035 1252 3088 trecentos
1267 3042 1293 3082 25
1349 3111 1352 3117 Ι
1398 3049 1402 3056 ·

63 3143 105 3187 uno
123 3132 166 3194 die
188 3133 290 3194 securi
312 3134 525 3212 percussisset,
548 3134 697 3195 incedens
721 3134 801 3194 inter
824 3135 980 3194 cadauera
1003 3131 1091 3194 uoltu
1106 3132 1253 3214 superb0,

64 3238 124 3310 quasi
142 3237 342 3319 magnificum
366 3240 517 3320 quiddam
541 3240 862 3320 conspiciendumque
885 3238 1018 3312 fecisset,
1042 3258 1156 3319 graece
1178 3259 1251 3320 pro-

65 3335 194 3406 clamauit:
225 3365 246 3405 o
280 3365 347 3406 rem
379 3345 516 3425 regiam!
558 3346 633 3426 quid
656 3345 707 3407 hic
738 3366 796 3406 rex
827 3343 970 3406 fecisset?
1002 3365 1066 3406 non
1097 3343 1154 3407 fuit
1175 3345 1255 3407 haec

65 3441 162 3517 irased
185 3451 286 3512 maius
309 3451 427 3513 malum
452 3461 484 3513 et
506 3450 686 3514 insanabile.
712 3463 714 3469 '

67 3614 115 3629 Χ

117 3626 240 3636 ἱ..-

68 3737 160 3800 tratione
176 3768 215 3800 me
234 3752 293 3801 uicit
413 3752 429 3804 3
449 3752 634 3800 intentationem
653 3752 759 3800 subitam
784 3748 847 3803 olim
866 3756 1032 3803 correctum:
1059 3751 1255 3815 inpotentatione

68 3827 122 3882 illle
192 3839 326 3890 oassidua
345 3839 438 3908 (prior
456 3855 468 3888 s
486 3855 501 3891 e
519 3837 603 3906 corr.)
689 3838 850 3904 lquerendu
940 3840 982 3889 hic
1003 3839 1037 3905 (ie
1056 3839 1083 3890 r'n
1102 3837 1170 3904 ras.)

68 3915 119 3981 ΜΨ)
132 3928 214 3978 seuiunt
323 3927 404 3992 {lipsi
423 3945 449 3978 se
469 3925 566 3980 Gertz:
587 3931 691 3992 ipsos*
773 3926 1021 3991 10Ap0110dorrus
1131 3933 1172 3976 aut
1190 3926 1255 3980 olim

69 4014 195 4068 correctum:
221 4022 280 4081 aput
301 4016 320 4083 (t
338 4015 367 4068 in
386 4014 505 4082 d'corr)
611 4015 642 4067 11
663 4018 758 4081 accepit
777 4014 856 4069 dett:
879 4018 969 4081 accipit
1072 4017 1111 4066 uel
1129 4013 1252 4084 Lipsius:

69 4091 112 4144 llll
176 4103 414 4170 121aceranonesq;
441 4104 523 4169 (nesq;
544 4104 627 4169 corr.)
711 4104 744 4156 15
761 4105 833 4169 ledus
916 4105 949 4156 17
967 4106 1032 4154 uultu
1114 4087 1176 4167 seui}

70 4175 177 4244 Hannibale
195 4198 221 4256 (e
238 4193 266 4246 in
285 4191 352 4261 ras.)
455 4193 488 4245 19
508 4195 576 4258 aliqd
597 4192 635 4259 (in
653 4193 721 4260 rat.)
824 4192 989 4245 201acumue
1011 4190 1105 4244 Gertz:
1127 4193 1255 4256 lacumque

125 4307 152 4363 24
165 4317 375 4382 thransymenuum
460 4316 493 4370 25
513 4317 642 4382 pcousulu
661 4319 685 4380 (e
704 4317 787 4383 erar.)
879 4274 945 4366 COCSC
1036 4314 1069 4368 26
1088 4316 1154 4365 uultu

72 4383 96 4438 ll
110 4403 319 4471 conspiciendumqr
408 4422 482 4470 grece
