3060 5078
469 291 548 333 DlAL.
565 292 590 333 V.
620 289 851 345 DE1RAL18.111‚
880 291 934 333 23.
1274 295 1312 356 87

86 441 230 518 gentium
262 439 429 520 rabiesque
459 437 585 500 infanda
622 439 780 500 ciuitatem
811 437 889 500 tulit.
935 457 993 498 nec
1032 437 1141 498 datum
1181 447 1315 517 tempus,

87 567 152 626 quo
183 547 336 609 resideret
368 557 474 606 tumor
504 545 663 626 publicus,
695 545 752 606 sed
784 545 941 605 deductae
956 543 1113 624 protinus
1144 541 1260 604 classes
1283 552 1316 603 et

88 639 238 715 oneratae
276 651 479 714 tumultuario
518 651 623 713 milite.
669 653 736 712 sine
767 670 865 724 more,
904 651 970 710 sine
1000 649 1142 731 auspiciis
1180 648 1314 731 populus

90 760 185 821 ductu
224 761 287 820 irae
325 779 400 820 suae
440 778 585 838 egressus
624 756 751 819 fortuita
786 765 939 837 raptaque
977 776 1035 836 pro
1075 757 1169 816 armis
1208 757 1314 835 gessit,

61 866 204 927 sdeinde
228 885 345 946 magna
375 863 464 926 clade
494 865 707 927 temeritatem
738 863 865 924 audacis
896 864 960 924 irae
990 862 1053 923 luit.
1099 861 1149 922 hic
1172 861 1314 923 barbaris
1343 895 1377 941 f.

91 969 169 1050 forte
192 971 352 1033 ruentibus
376 973 405 1032 in
429 970 512 1032 bella
535 971 638 1032 exitus
669 982 725 1035 est.
772 991 844 1032 cum
876 967 1010 1030 mobiles
1041 969 1163 1029 animos
1195 969 1314 1049 species

92 1075 213 1139 iniuriae
236 1078 381 1158 perculit,
405 1087 540 1158 aguntur
563 1079 670 1139 statim
703 1087 735 1139 et
758 1097 820 1158 qua
844 1075 936 1137 dolor
960 1075 1056 1137 traxit
1084 1075 1190 1136 ruinae
1214 1076 1313 1136 modo

91 1181 263 1264 legionibus
285 1185 424 1245 incidunt
449 1184 646 1265 inconpositi,
669 1184 808 1269 interriti,
829 1183 950 1255 incauti,
973 1180 1109 1261 pericula
1126 1182 1314 1262 adpetentes

89 1308 148 1351 sua.
198 1292 339 1371 gaudent
361 1289 442 1352 feriri
465 1300 497 1351 et
520 1292 636 1352 instare
658 1289 741 1351 ferro
766 1299 798 1351 et
821 1289 885 1351 tela
908 1308 1043 1369 corpore
1067 1308 1178 1366 urgere
1202 1297 1234 1348 et
1257 1308 1313 1368 per

87 1414 177 1457 suum
202 1395 313 1457 uolnus
336 1396 442 1459 exire„
1331 1424 1352 1461 ru

48 1511 64 1561 1
175 1502 228 1564 ΙΙΙ.
256 1502 329 1563 Non
353 1511 409 1576 est,
433 1503 541 1583 inquis,
566 1502 716 1589 dubium,¹
729 1503 803 1582 quin
827 1522 944 1582 magna
966 1503 1025 1562 ista
1048 1510 1080 1562 et
1103 1499 1250 1582 pestilera
1273 1505 1312 1564 sit

79 1611 147 1671 uis:
184 1610 258 1671 ideo
289 1610 561 1689 quemadmodum
593 1610 695 1670 sanari
724 1607 841 1670 debeat
872 1616 1023 1669 monstra.
1077 1609 1176 1688 atqui,
1217 1617 1250 1668 ut
1281 1610 1310 1669 iu

71 1716 240 1802 prio'ribus
264 1716 348 1778 libris
372 1716 446 1790 dixi,
478 1724 541 1776 stat
565 1714 755 1780 Aristoteles
779 1713 926 1776 defensor
956 1716 1019 1774 irae
1050 1726 1083 1775 et
1113 1723 1199 1775 uetat
1226 1714 1310 1775 illam

68 1823 176 1883 nobis
201 1824 344 1884 execari:
379 1821 479 1884 calcar
511 1823 553 1883 ait
581 1843 651 1883 esse
680 1823 809 1884 uirtutis,
855 1821 915 1883 hac
938 1829 1047 1901 erepta
1069 1821 1221 1882 inermem
1245 1823 1308 1883 ani-

15 1935 39 1989 2
65 1949 173 1990 mum
198 1939 231 1990 et
254 1931 294 1991 ad
319 1907 450 1990 conatus
473 1949 608 2009 magnos
631 1931 756 2010 pigrum
777 1930 973 2008 inertemque
996 1926 1069 1988 fieri.
1101 1929 1310 1989 necessarium
1329 1955 1351 1993 rs

63 2046 129 2096 est
154 2035 262 2115 itaque
295 2033 481 2096 foeditatem
512 2035 576 2096 eius
609 2055 646 2096 ac
669 2035 826 2096 feritatem
851 2054 1023 2114 coarguere
1046 2043 1078 2094 et
1102 2046 1175 2095 ante
1199 2040 1311 2096 oculos

60 2161 213 2222 ponere,
234 2151 389 2222 quantum
413 2143 544 2203 monstri
574 2143 613 2217 ,sit
638 2141 736 2202 homo
760 2139 976 2201 inhominem
1001 2139 1105 2201 furens
1128 2150 1311 2222 quantoque

61 2248 192 2329 inpetu
222 2257 292 2310 ruat
322 2268 387 2309 non
417 2250 483 2309 sine
514 2249 649 2330 pernicie
680 2268 736 2308 sua
767 2248 958 2328 perniciosus
989 2256 1022 2308 et
1053 2268 1090 2308 ea
1122 2248 1310 2327 deprimens,

18 2375 34 2428 3
62 2373 165 2434 quae
188 2355 289 2433 mergi
319 2353 375 2415 nisi
407 2374 478 2415 cum
503 2364 666 2435 mergente
695 2374 759 2414 non
781 2363 922 2435 possunt.
969 2355 1044 2434 quid
1068 2358 1165 2434 ergo?
1198 2375 1309 2415 sanum

65 2461 167 2522 hunc
197 2460 306 2541 aliquis
337 2471 446 2534 uocat,
477 2462 529 2541 qui
560 2461 645 2522 uelut
679 2470 871 2542 tempestate
909 2470 1072 2542 correptus
1103 2482 1167 2522 non
1199 2464 1221 2522 it
1252 2464 1309 2524 sed
1325 2489 1351 2526 su

70 2566 186 2642 agitur
217 2576 250 2628 et
279 2566 392 2628 furenti
423 2567 507 2628 malo
539 2568 653 2629 seruit?
693 2587 751 2628 nec
783 2569 915 2628 mandat
943 2567 1093 2628 ultionem
1117 2588 1222 2642 suam,
1253 2571 1310 2630 sed

77 2672 153 2750 ipse
183 2673 249 2734 eius
287 2682 420 2734 exactor
457 2675 562 2735 animo
600 2673 693 2735 simul
731 2694 768 2735 ac
808 2694 902 2734 manu
940 2675 1039 2734 saeuit
1077 2674 1309 2736 carissimorum

50 2793 258 2859 reorumque
288 2799 367 2859 quae
398 2800 476 2840 mox
508 2781 622 2841 amissa
651 2779 779 2841 fleturus
809 2788 856 2840 est
888 2778 1047 2840 carnifex?
1087 2780 1170 2840 hunc
1201 2780 1309 2861 aliquis

91 2879 243 2946 adlectum
267 2887 372 2947 uirtuti
395 2887 571 2947 adiutorem
597 2887 811 2966 comitemque
835 2887 905 2951 dat,
937 2885 1081 2960 consilia,
1109 2887 1175 2946 sine
1198 2887 1310 2966 quibus

94 2983 181 3052 uirtus
209 2992 283 3053 nihil
313 2993 409 3072 gerit,
443 2992 689 3053 obturbantem?
729 2994 867 3053 caducae
897 2993 1101 3072 sinistraeque
1132 3004 1204 3053 sunt
1228 2994 1307 3055 uires
1323 3017 1347 3056 rs
1392 3026 1394 3031 ·

95 3093 171 3156 etin
192 3097 310 3159 malum
334 3119 424 3159 suum
448 3098 587 3173 ualidae,
619 3100 649 3159 in
681 3120 758 3180 quas
790 3119 920 3180 aegrum
952 3098 1083 3160 morbus
1115 3108 1147 3160 et
1170 3102 1308 3161 accessio

10 3186 20 3229 Ι
60 3201 194 3267 5⁶fexit.
239 3225 303 3265 non
327 3215 374 3266 est
398 3225 476 3285 ergo
498 3194 587 3286 quod
612 3226 664 3266 me
687 3216 778 3286 putes
806 3215 933 3287 tempus
956 3206 986 3265 in
1010 3208 1209 3286 superuacuis
1233 3228 1306 3268 cou-

78 3307 222 3385 sumere,
254 3312 341 3391 quod
364 3312 457 3385 iram,
491 3312 579 3392 quasi
603 3312 717 3373 dubiae
741 3314 826 3392 apud
848 3311 993 3373 homines
1016 3313 1169 3390 opinionis
1192 3315 1240 3388 sit,
1263 3316 1306 3375 in-

63 3391 215 3508 famem,
248 3437 319 3478 cum
343 3417 452 3497 aliquis
475 3419 514 3478 sit
539 3427 570 3478 et
593 3419 721 3497 quidem
747 3419 787 3479 de
810 3418 989 3479 inlustribus
1012 3417 1224 3499 philosophis,
1256 3423 1307 3502 qui

58 3498 99 3564 ¹¹¹5
138 3517 261 3584 indicat
293 3543 407 3602 operas
430 3532 462 3583 et
485 3534 647 3605 tamquam
673 3525 780 3585 utilem
809 3545 847 3586 ac
870 3527 993 3606 spiritus
1017 3525 1306 3588 subministrantem
1322 3548 1348 3587 ss

52 3639 293 3672 χή.

47 3726 65 3776 ‘3
87 3750 189 3807 <ptem
256 3755 386 3804 donerate
405 3729 428 3816 el
513 3756 528 3803 ti
548 3755 670 3801 ruentibus
691 3736 900 3804 Eb'uiuentibus
983 3754 1157 3819 &legionibus
1177 3754 1304 3825 Madm'y:

45 3825 205 3898 regiorum
338 3842 441 3890 interriti
461 3841 510 3893 uix
529 3857 632 3900 uerum,
659 3842 762 3893 enutrio
782 3832 890 3904 inparati
1013 3850 1155 3906 appetentes
1181 3846 1306 3914 (priorp

45 3922 170 3992 corr.)
228 3929 244 3981 9
263 3946 312 3994 p..
333 3927 398 3996 (suit
416 3947 467 3994 per,
487 3928 613 3982 lineolam
633 3945 705 3984 corr.
722 3928 800 3997 fecit)
863 3930 896 3983 10
909 3931 993 3979 uulnus
1050 3931 1162 3997 ‘l2atqui
1183 3934 1202 3999 (t
1221 3938 1305 3999 corr.)

171 4018 198 4068 lit
217 4020 367 4082 inertemque
385 4016 548 4071 Pincianus:
570 4021 715 4082 inermemq3
811 4020 842 4071 lti
857 4016 988 4082 ,feditatem
1077 4020 1107 4072 rs
1126 4023 1217 4086 impetu

51 4087 102 4139 Ἃ
134 4111 164 4152 et
180 4107 264 4156 furenti
282 4105 380 4174 uulgo:
408 4109 517 4156 effurenti
628 4111 660 4159 2¹.)
681 4111 816 4157 manuseuit
840 4109 913 4173 (ante
932 4125 943 4157 s
962 4106 1051 4160 altera
1070 4126 1080 4157 s
1100 4108 1198 4174 deleto)

59 4175 112 4236 24
138 4195 225 4248 affeetu
303 4195 336 4248 25
357 4197 477 4260 sinistreq;
500 4215 515 4244 Ι
531 4197 607 4261 (ΙΙΙ,
626 4198 652 4262 ‘l‘
673 4212 727 4264 qua
744 4195 801 4263 freis
818 4198 881 4262 sunt)
902 4198 963 4245 uires
979 4205 1033 4245 sunt
1052 4198 1128 4266 (post
1146 4201 1196 4248 uire
1212 4199 1267 4265 fiiis
1286 4222 1304 4255 s,

70 4284 141 4343 qua
159 4279 245 4336 littera
264 4301 345 4337 erasa
365 4285 562 4354 suprascripsit
581 4304 592 4333 s
612 4303 636 4336 m
665 4287 729 4349 rec.)
803 4285 836 4338 28
856 4295 913 4349 aput
992 4285 1025 4337 us
1045 4285 1157 4344 illustrem
1176 4291 1202 4352 pl
1222 4302 1305 4356 corr.)

157 4373 306 4437 philosophis
313 4390 329 4419 r
