3046 5092
200 309 265 370 290
414 303 494 347 DIAL.
504 303 556 345 Xll.
586 303 626 343 Ab
642 303 794 344 POLYBlVM
809 305 850 344 DE
865 304 1107 348 CONSOLATIONE.
1136 308 1169 348 l'l.
1183 308 1214 351 18.

199 470 331 532 possum
363 460 486 525 tamen,
518 453 602 512 cum'
621 470 733 511 omnes
765 451 935 512 circuierim
961 450 1128 524 Caesares,
1159 452 1273 532 quibus
1304 451 1431 515 fortuna

199 557 309 619 fratres
348 577 537 638 sororesque
576 558 701 638 eripuit,
739 556 821 618 hunc
859 559 1028 638 praeterire
1064 562 1106 620 e'x
1138 560 1224 620 omni
1257 559 1430 622 Caesarum

200 685 332 726 numero
357 665 603 744 excerpendum,
627 684 721 744 quem
746 684 849 724 rerum
874 673 984 725 natura
1008 667 1037 725 in
1058 666 1189 727 exitium
1207 664 1429 746 opprobrium-

200 792 262 852 que
285 771 413 832 humani
437 772 560 850 generis
581 771 688 844 edidit,
712 791 809 850 aquo
827 772 989 851 imperium
1007 792 1150 833 euersum
1168 781 1264 852 atque
1280 774 1430 834 adustum

173 879 338 941 sfunditus
369 879 515 958 principis
547 878 698 939 mitissimi
729 887 850 939 recreat
880 877 1055 939 clementia.
1103 878 1137 941 C.
1167 877 1284 940 Caesar
1315 880 1464 946 amissat

200 1006 310 1048 sorore
333 984 485 1059 Drusilla,
518 984 542 1045 is
573 983 689 1058 hom0‚
721 985 773 1064 qui
804 1005 868 1045 non
899 988 999 1065 magis
1032 986 1140 1048 dolere
1170 1006 1266 1066 quam
1291 985 1431 1065 gaudere

200 1091 411 1175 principaliter
434 1101 552 1171 posset,
576 1100 783 1172 conspectum
808 1094 1146 1173 conuersationemque
1170 1094 1283 1155 ciuium
1300 1113 1430 1154 suorum

199 1197 356 1280 profugit,
395 1199 536 1278 exequiis
572 1199 688 1259 sororis
728 1218 803 1259 suae
834 1219 897 1258 non
929 1199 1082 1273 interluit,
1121 1201 1203 1261 iusta
1233 1201 1334 1261 sorori
1366 1220 1431 1260 non

199 1306 369 1388 praestitit,
392 1307 449 1366 sed
473 1306 503 1364 in
527 1304 657 1365 Albano
681 1325 739 1366 suo
763 1305 889 1367 tesseris
912 1326 950 1367 ac
973 1305 1043 1367 soro
1068 1316 1099 1367 ct
1121 1308 1301 1388 peruagatis
1326 1306 1429 1367 huius-

82 1428 85 1433 ·
164 1434 187 1474 ro
203 1413 290 1474 modi
321 1411 385 1473 aliis
417 1412 675 1492 occupationibus
707 1412 897 1473 acerbissimi
925 1411 1038 1474 funeris
1062 1413 1208 1483 eleuabat
1233 1412 1324 1475 mala.
1372 1434 1431 1494 pro

200 1521 305 1602 pudor
336 1518 475 1600 imperii!
516 1519 661 1599 principis
685 1519 822 1580 Romani
853 1518 987 1599 lugentis
1018 1541 1161 1582 sororem
1186 1522 1254 1582 alea
1277 1521 1430 1584 solacium

200 1626 263 1688 fuit.
310 1627 394 1688 idem
424 1625 473 1687 ille
497 1625 593 1687 Gaius
617 1625 732 1687 furiosa
755 1628 962 1689 inconstantia
986 1629 1085 1688 modo
1109 1628 1242 1690 barbam
1267 1627 1467 1709 capillum-5

201 1753 262 1813 que
278 1735 487 1807 summittens
512 1734 611 1793 modo
628 1732 735 1794 ltaliae
752 1753 789 1794 ac
804 1731 924 1797 Siciliae
941 1754 1013 1794 oras
1028 1734 1222 1795 errabundus
1239 1736 1433 1816 permetiens

162 1848 165 1853 ’
202 1844 442 1920 etnumquatn
471 1841 546 1901 satis
580 1849 698 1914 certus,
730 1849 833 1901 utrum
866 1840 965 1921 lugeri
997 1841 1090 1902 uellet
1121 1861 1160 1902 an
1189 1841 1249 1903 coli
1277 1862 1433 1916 sororem,

164 1949 317 2008 neodem
350 1948 435 2008 omni
465 1956 627 2027 tempore,
659 1968 723 2028 quo
747 1947 866 2030 templa
890 1946 930 2008 illi
954 1949 1166 2009 constituebat
1189 1968 1226 2009 ac
1249 1948 1433 2031 puluinaria,

200 2075 256 2116 eos
295 2055 345 2134 qui
384 2073 494 2135 parum
527 2055 638 2115 maesti
669 2054 805 2127 fuerant,
845 2054 1057 2115 crudelissima
1088 2055 1257 2117 adficiebat
1288 2057 1432 2117 animad-

200 2162 353 2221 uersione.
401 2161 515 2220 eadem
547 2162 629 2221 enim
661 2161 845 2242 intemperie
876 2162 970 2221 animi
995 2164 1198 2223 aduersarum
1223 2183 1326 2224 rerum
1351 2163 1434 2224 ictus

201 2266 287 2328 lereb
300 2276 330 2340 rt,
350 2288 413 2348 qua
428 2267 637 2328 secundarum
654 2267 753 2329 elatus
770 2277 884 2329 euentu
900 2289 994 2348 super
1011 2270 1184 2330 humanum
1201 2269 1435 2331 intumescebat

201 2375 342 2467 modum.
389 2373 499 2455 procul
522 2375 605 2434 istud
627 2374 810 2454 exemplum
828 2352 868 2436 ab
886 2378 972 2436 omni
989 2377 1138 2436 Romano
1155 2379 1195 2437 sit
1211 2378 1287 2449 uiro,
1309 2375 1434 2437 luctum
1455 2384 1471 2437 6

112 2488 114 2495 “
160 2498 292 2543 ausuum
324 2490 377 2542 aut
408 2481 635 2561 intempestiuis
667 2501 801 2542 auocare
832 2481 951 2543 lusibus
974 2492 1027 2543 aut
1051 2485 1192 2544 sordium
1217 2504 1254 2544 ac
1277 2483 1435 2562 squaloris

201 2587 353 2649 foeditate
377 2588 502 2649 inritare
525 2596 579 2649 aut
596 2587 701 2650 alienis
719 2588 808 2650 malis
824 2589 986 2651 oblectare
1003 2590 1130 2650 minime
1145 2589 1285 2651 humano
1301 2588 1434 2651 solacio

291 2695 406 2756 XVlll.
446 2694 518 2756 Tibi
549 2715 625 2756 uero
656 2694 729 2755 nihil
762 2716 804 2755 ex
832 2699 1060 2758 consuetudine
1084 2698 1271 2757 mutandum
1295 2705 1344 2757 est
1368 2705 1470 2771 tua,·t

201 2803 350 2882 quoniam
375 2801 503 2881 quidem
528 2822 564 2863 ea
587 2802 744 2863 instituisti
768 2823 875 2864 amare
898 2804 1011 2878 studia,
1037 2824 1117 2884 quae
1142 2811 1173 2864 et
1197 2804 1319 2883 optime
1335 2802 1433 2867 felici-

202 2917 301 2969 tatem
338 2908 489 2969 excolunt
526 2918 557 2969 et
595 2907 739 2970 facillime
771 2911 914 2970 minuunt
945 2908 1158 2971 calamitatem
1189 2912 1367 2991 eademque
1400 2919 1435 2972 ct

160 3023 389 3076 orornamenta
421 3016 561 3077 maxima
592 3014 755 3076 hominum
788 3025 860 3078 sunt
884 3024 916 3077 et
940 3016 1064 3078 solacia.
1114 3017 1185 3097 [37.]
1218 3038 1301 3078 nunc
1323 3017 1435 3098 itaque

200 3130 232 3182 te
256 3121 366 3183 studiis
390 3122 451 3182 tuis
474 3123 616 3202 inmerge
640 3122 738 3196 altius,
762 3143 844 3183 nunc
867 3122 918 3210 illa
941 3124 997 3184 tibi
1021 3123 1106 3185 uelut
1123 3125 1318 3185 munimenta
1334 3125 1435 3186 animi

206 3351 213 3401 1
243 3352 380 3400 circuierim
402 3347 454 3403 ΒΕ
476 3353 603 3400 circuerim
626 3349 649 3402 Β
775 3351 792 3403 4
816 3353 918 3416 impium
939 3349 963 3403 Β
1078 3336 1186 3402 euersum
1207 3350 1249 3404 ΕΙ
1276 3369 1387 3402 auersum
1408 3355 1434 3406 A

202 3441 332 3489 aduersum
354 3438 404 3492 ΒΒ
428 3441 542 3489 aduersus
562 3437 589 3492 E
706 3440 721 3492 5
746 3442 869 3490 mitissimi
889 3440 912 3492 A
937 3442 1078 3505 peritissimi
1102 3441 1124 3494 Β
1148 3443 1252 3506 piissimi
1274 3439 1325 3494 ΒΕ

200 3529 231 3579 G.
252 3530 328 3579 Cesar
347 3527 373 3581 B
464 3527 478 3579 6
504 3529 588 3578 dolere
606 3531 673 3594 quod
691 3528 844 3593 gaudereB
935 3529 950 3581 9
976 3528 1113 3584 tesserisA
1140 3533 1239 3580 cesseris
1271 3530 1384 3582 Bcessit
1407 3531 1434 3584 Β

200 3620 297 3667 cesserit
317 3615 345 3669 Ε
432 3625 455 3667 et
474 3620 613 3682 peruagatis
632 3620 773 3668 huiusmodi
793 3617 869 3672 Koch
893 3625 916 3668 et
935 3622 1073 3684 peruocatis
1092 3621 1232 3670 huiusmodi
1252 3620 1275 3672 A
1300 3628 1322 3669 et
1341 3637 1433 3685 peruo-

200 3708 261 3768 catis
280 3714 303 3756 et
321 3708 461 3756 huiusmodi
485 3705 533 3759 ΒΒ
558 3725 587 3756 ex
605 3710 746 3771 prouocatis
766 3714 789 3758 et
813 3709 953 3758 huiusmodi
972 3706 1000 3759 Ε
1143 3708 1173 3760 11
1199 3710 1319 3758 solacium
1343 3710 1387 3758 luit
1408 3711 1433 3761 A

200 3797 328 3845 solentium
347 3797 391 3845 fuit
411 3794 436 3846 B
454 3796 565 3845 solamen
585 3798 702 3861 principis
721 3798 764 3845 suit
784 3794 811 3848 Ε
912 3797 941 3848 13
966 3799 1041 3847 horas
1059 3795 1115 3851 ΒΕ
1204 3798 1236 3849 ‘lb
1262 3799 1383 3862 pulmaria
1409 3798 1433 3850 Β

290 3884 323 3937 16
343 3885 614 3938 adnimaduersioneB
708 3886 736 3938 17
756 3889 843 3936 eadem
863 3885 990 3938 eademB
1079 3886 1111 3939 19
1131 3889 1163 3936 ab
1183 3890 1251 3937 omni
1265 3889 1379 3935 Romano
1400 3891 1432 3937 sit

200 3975 289 4026 uiroA
309 3977 340 4022 ab
360 3976 427 4023 omni
447 3976 573 4024 mundano
592 3977 644 4025 uiro
662 3974 684 4027 Β
703 3983 738 4025 est
758 3978 789 4025 ab
809 3978 877 4026 omni
890 3979 1005 4026 Romano
1025 3977 1078 4025 uiro
1094 3974 1143 4029 ΒΕ
1229 3978 1263 4028 211
1283 3989 1323 4025 aut
1343 3979 1430 4026 intem·

199 4065 297 4127 pestiuis
311 4080 416 4113 auocare
432 4061 457 4114 Ε
473 4061 621 4117 Pincianus
634 4062 681 4132 (cf.
701 4069 720 4127 l,
736 4069 759 4129 3,
776 4065 818 4130 10)
839 4074 878 4114 aut
892 4068 1066 4131 intempestiuis
1080 4083 1170 4116 uocare
1183 4064 1233 4118 AB
1253 4067 1430 4130 intempestiuis
1480 4088 1485 4098 ·

199 4169 289 4201 uocare
311 4151 333 4204 Β
359 4160 400 4200 aut
419 4154 594 4218 intempestiuis
614 4171 731 4204 seuocare
752 4152 835 4207 Gertz
949 4157 1077 4206 sordidum
1098 4173 1127 4205 ac
1148 4154 1172 4208 B
1197 4157 1324 4204 sordidum
1345 4165 1382 4203 aut
1407 4154 1429 4207 Β

290 4241 323 4293 22
343 4248 379 4290 est
398 4259 426 4291 ex
445 4244 619 4291 consuetudine
638 4245 780 4292 mutandum
801 4251 841 4293 tua
860 4242 915 4297 ΒΕ
1003 4246 1035 4298 23
1055 4247 1156 4295 instituti
1178 4243 1201 4296 B
1293 4251 1316 4293 et
1335 4246 1429 4309 optime

200 4327 325 4383 Muretus
344 4332 438 4395 optime
457 4339 480 4380 et
499 4330 607 4385 ΑΒΒΕ
694 4333 728 4387 24
753 4335 866 4383 excolunt
884 4332 995 4404 lipsius
1014 4336 1132 4384 extollunt
1149 4333 1232 4402 utrlqo
1329 4332 1363 4385 ‘26
1392 4335 1427 4381 in·

201 4435 284 4482 merge
304 4421 375 4469 altius
393 4418 541 4473 Pincianus
561 4424 706 4488 immergere
725 4424 803 4473 acrius
823 4420 902 4478 ΑΒΕ
917 4425 1063 4489 immergere
1082 4424 1155 4471 atrius
1177 4422 1201 4480 Β
