3046 5092
216 333 278 395 196
395 326 475 371 DlnL.
490 326 530 368 lX.
558 325 600 366 AD
615 323 756 365 SERENVM
770 323 812 364 Da
825 322 1092 375 TRANQVILLITATE
1106 323 1204 367 ANIMI.
1232 326 1253 367 2.

213 471 295 534 hanc
330 468 475 533 stabilem
511 470 606 532 animi
641 469 752 530 sedem
784 466 896 530 Graeci
930 461 1100 548 εὐθυμίαν
1135 479 1267 545 uocant,
1302 471 1345 533 de
1376 492 1443 553 qua

212 578 387 639 Democriti
415 575 563 638 uolumen
588 578 750 655 egregium
774 583 836 636 est·
877 568 949 654 ego
963 560 1218 656 tranquillitatem
1242 598 1333 639 uoc0.
1361 598 1443 640 ¹nec

213 684 306 745 enim·
327 684 440 745 imitari
471 690 504 743 et
527 680 694 743 transferre
721 679 819 741 uerba
842 681 884 742 ad
907 679 1030 743 illorum
1054 680 1190 745 formam
1213 703 1343 745 necesse
1367 693 1439 747 est:

213 810 262 852 res
285 791 361 871 ipsa,
386 790 426 850 de
449 809 512 868 qua
534 789 644 868 agitur,
668 786 772 867 aliquo
796 788 951 867 signanda
972 789 1103 861 nomine,
1117 797 1173 863 est,
1196 790 1284 870 quod
1300 789 1441 873 adpella-

186 899 304 959 ationis
327 895 470 957 Graecae
500 895 563 955 uim
595 893 693 955 debet
723 891 859 968 habere,
889 913 954 955 non
983 892 1104 957 saciem.
1149 915 1227 976 ergo
1250 896 1480 978 quaerirnus,4

212 1001 378 1083 quomodo
400 1001 522 1062 animus
544 1020 671 1080 semper
693 998 814 1080 aequali
829 1000 1033 1080 secundoque
1049 1021 1140 1062 cursu
1156 1010 1208 1063 eat
1222 1003 1443 1084 propitiusque

188 1088 271 1171 ¹sibi
301 1110 342 1169 sit
372 1116 404 1168 et
434 1127 491 1169 sua
520 1105 621 1168 laetus
644 1105 797 1186 adspiciat
821 1113 853 1167 et
875 1104 938 1167 hoc
960 1108 1112 1186 gaudium
1135 1127 1200 1168 non
1222 1111 1442 1192 interrumpat,

212 1216 270 1276 sed
293 1212 418 1295 placido
440 1220 525 1274 statu
548 1220 675 1274 maneat
697 1231 756 1272 nec
771 1209 929 1274 adtollens
944 1232 980 1273 se
994 1231 1147 1293 umquam
1161 1233 1222 1276 nec
1235 1214 1440 1296 deprimens:

213 1320 247 1382 id
268 1317 474 1400 tranquillitas
498 1319 565 1381 erit.
611 1316 776 1399 quomodo
799 1317 841 1378 ad
864 1314 945 1379 hanc
967 1319 1121 1399 perueniri
1135 1321 1245 1400 possit,
1267 1322 1300 1382 in
1315 1323 1442 1384 uniuer-

176 1441 199 1480 ιο
213 1445 284 1487 sum
315 1443 522 1505 quaeramus:
555 1442 661 1484 sumes
692 1430 727 1485 tu
758 1441 800 1483 ex
830 1421 958 1502 publico
989 1424 1132 1487 remedio
1160 1433 1314 1505 quantum
1341 1426 1476 1489 uoles.-

213 1538 317 1592 totum
333 1531 457 1590 interim
473 1530 581 1590 uitium
597 1530 629 1589 in
645 1527 785 1588 medium
801 1526 1049 1608 protrahendum
1066 1537 1123 1603 est,
1149 1549 1191 1599 ex
1207 1550 1271 1610 quo
1287 1542 1444 1612 agnoscet
1465 1542 1482 1595 5

213 1639 345 1717 quisque
376 1643 500 1716 partem
523 1654 622 1695 suam.
668 1632 760 1694 simul
783 1641 817 1694 tu
840 1632 1019 1714 intelleges,
1049 1644 1170 1714 quanto
1194 1637 1297 1698 minus
1319 1639 1445 1718 negotii

212 1741 331 1804 habeas
355 1761 426 1802 curn
450 1739 577 1802 fastidio
600 1741 646 1801 tui
669 1759 764 1819 quarn
788 1737 828 1812 hi,
851 1759 932 1819 quos
956 1740 997 1801 ad
1018 1737 1246 1820 professionem
1261 1745 1444 1823 speciosam

214 1847 370 1932 adligatos
394 1856 425 1909 et
448 1845 507 1907 sub
530 1828 649 1926 ingenti
671 1844 763 1906 titulo
786 1844 958 1907 laborantis
981 1849 1012 1908 in
1035 1866 1093 1909 sua
1114 1846 1313 1910 simulatione
1334 1850 1445 1930 pudor

178 1971 200 2010 n
215 1956 316 2033 magis
347 1973 441 2034 quam
472 1950 616 2013 uoluntas
647 1959 742 2013 tenet.
790 1970 901 2012 omnes
924 1954 955 2014 in
978 1952 1091 2014 eadem
1115 1972 1210 2016 causa
1231 1962 1320 2030 sunt,
1352 1963 1387 2016 et
1410 1955 1481 2019 hio

213 2062 266 2141 qui
297 2059 424 2121 leuitate
455 2068 611 2120 uexantur
641 2078 678 2119 ac
708 2058 815 2120 taedio
846 2059 1041 2138 adsiduaque
1066 2063 1248 2122 'mutatione
1274 2063 1444 2143 propositi,

213 2166 327 2247 quibus
350 2184 477 2246 semper
500 2167 601 2245 magis
624 2162 729 2245 placet
752 2165 840 2245 quod
863 2163 1062 2245 reliquerunt,
1086 2174 1119 2227 et
1141 2165 1197 2242 illi,
1221 2169 1274 2248 qui
1298 2177 1444 2231 marcent

215 2281 248 2335 et
279 2274 461 2334 oscitantur.
506 2270 597 2332 adice
631 2290 704 2344 eoS,
741 2273 793 2351 qui
825 2291 893 2361 uon
919 2270 1007 2332 aliter
1037 2291 1134 2351 quarn
1164 2271 1278 2353 quibus
1309 2273 1444 2336 difficilis

214 2398 344 2440 somnus
368 2385 424 2452 est,
448 2386 574 2439 uersant
596 2397 630 2437 se
654 2387 687 2440 et
709 2375 771 2438 hoc
794 2386 890 2457 atque
913 2376 965 2438 illo
989 2378 1089 2439 modo
1111 2388 1313 2460 conponunt,
1337 2381 1444 2442 donec

174 2488 353 2567 requietem
370 2483 550 2547 lassitudine
565 2483 739 2545 inueniant:
764 2491 884 2545 statum
900 2484 983 2545 uitae
998 2503 1074 2545 suae
1089 2482 1292 2547 reformando
1304 2485 1444 2548 subinde

214 2594 245 2653 in
276 2611 314 2653 eo
346 2570 516 2652 nouissime
547 2598 677 2651 manent
707 2591 737 2650 in
767 2610 832 2670 quo
866 2589 936 2651 illos
967 2611 1032 2651 non
1055 2592 1199 2653 mutandi
1222 2592 1349 2667 odium,
1383 2594 1444 2655 sed

214 2707 361 2760 senectus
392 2698 433 2758 ad
464 2696 648 2757 nouandum
679 2698 770 2776 pigra
793 2695 969 2776 deprendit.
1014 2696 1105 2758 adice
1127 2705 1160 2759 et
1183 2696 1269 2772 illos,
1300 2700 1443 2780 quinon

215 2805 412 2866 constantiae
427 2801 581 2864 beneficio
598 2822 710 2884 parum
733 2800 819 2864 leues
842 2811 924 2877 sunt,
947 2802 1005 2863 sed
1028 2802 1170 2877 inertiae,¹
1188 2811 1221 2865 et
1243 2805 1356 2867 uiuont
1376 2825 1444 2866 non

214 2910 378 2992 quomodo
402 2908 522 2984 uolunt,
544 2909 600 2970 sed
624 2909 790 2988 quomodo
814 2916 994 2989 coeperunt.
1033 2908 1275 2972 innumerabiles
1292 2911 1478 2993 deinceps?

175 3033 200 3072 as
215 3019 425 3099 proprietates
448 3024 529 3090 sunt,
553 3017 610 3076 sed
634 3035 712 3084 unus
737 3013 866 3077 effectus
890 3017 963 3089 uitii,
987 3014 1045 3077 sibi
1061 3014 1233 3096 displicere.
1264 3015 1328 3078 hoc
1342 3018 1445 3080 oritur

214 3123 255 3192 ab
279 3121 464 3202 intemperie
487 3123 583 3183 animi
610 3130 643 3183 et
666 3120 888 3201 cupiditatibus
910 3122 1028 3183 timidis
1051 3131 1105 3183 aut
1127 3141 1240 3202 parum
1259 3125 1440 3204 prosperis:
1469 3136 1490 3164 ‘v

215 3228 269 3290 ubi
291 3237 347 3290 aut
369 3248 433 3288 non
456 3229 583 3300 audent,
607 3227 761 3306 quantum
783 3228 1016 3306 concupiscunt,
1039 3236 1183 3289 autnon
1206 3238 1444 3310 consequuntur

215 3342 249 3396 et
278 3335 308 3394 in
338 3352 430 3415 spem
460 3335 520 3395 toti
550 3333 740 3413 prominent
785 3351 911 3412 semper
941 3331 1103 3395 instabiles
1130 3325 1332 3414 mobilesque
1360 3343 1443 3410 sunt,

217 3527 228 3579 1
250 3527 392 3590 euthymian
482 3525 624 3578 3formam
638 3522 801 3577 deteriores:
823 3526 903 3574 forma
992 3507 1215 3590 4appetlati0nis⁸
1283 3527 1443 3593 bquerimus

304 3612 435 3679 basquali
454 3612 581 3683 Lipsius:
602 3613 695 3678 equalis
717 3660 720 3665 ,
785 3612 924 3677 inspiciat
947 3623 950 3627 ’
1014 3611 1047 3665 13
1066 3615 1092 3663 bi
1112 3615 1140 3680 (h
1158 3614 1242 3681 corr.)
1337 3615 1370 3668 14
1389 3616 1444 3665 alli-

213 3709 285 3769 gatos
377 3702 409 3756 19
429 3708 579 3768 componunt
678 3701 712 3754 20
731 3702 889 3751 reformando
902 3699 994 3755 Koch:
1015 3703 1146 3753 formando
1165 3701 1225 3757 cod.
1244 3701 1375 3774 ataulfi,
1393 3703 1445 3757 sed

214 3787 324 3846 mutatio
342 3796 429 3844 statas
452 3779 606 3845 necessaria
631 3788 813 3861 siqnifieanda
837 3799 896 3843 erat
1003 3791 1334 3855 annuntiaturae.)

214 3882 247 3934 ‘23
277 3882 429 3931 constantiae
453 3880 575 3931 beneficio
594 3878 686 3932 Koch:
708 3880 861 3929 constantiae
878 3881 938 3929 uitio
964 3876 1024 3934 aad.
1043 3878 1119 3948 qnod
1135 3894 1299 3950 quamquam
1318 3879 1445 3950 defendit

213 3966 337 4039 Medeia,
364 3967 486 4038 equidem
510 3983 565 4021 non
584 3983 697 4036 possum
716 3982 771 4019 aaa
788 3982 907 4037 prorsas
924 3966 1094 4021 mtolerabile
1112 3972 1139 4022 et
1157 3966 1443 4040 discrepantiarum

213 4058 393 4110 reiectaneam
427 4055 541 4118 ducere,
569 4071 629 4108 eam
657 4054 813 4123 beneficiam
840 4071 894 4108 aaa
918 4055 1007 4109 minas
1029 4055 1143 4110 inertiae
1166 4073 1249 4126 paam
1273 4057 1444 4111 constantiae

213 4144 365 4206 conueniat,
385 4141 415 4196 id
432 4143 507 4214 qnod
524 4142 659 4197 laealento
677 4140 803 4212 exemplo
817 4143 956 4213 probatur
974 4142 1050 4214 apud
1071 4141 1130 4197 Val.
1150 4141 1231 4202 Mara.
1245 4150 1269 4212 5,
1284 4150 1309 4208 t,
1322 4149 1338 4198 4
1351 4147 1443 4196 licebat

214 4234 368 4297 ignorantiae
386 4235 509 4284 beneficit>
527 4234 650 4282 innocenti
669 4234 763 4288 uiuere:
785 4229 821 4300 cs.
834 4239 980 4301 praeterea
994 4229 1058 4286 Sem.
1078 4231 1113 4286 de
1130 4231 1175 4286 ira
1193 4236 1218 4296 3,
1239 4237 1263 4300 2,
1283 4236 1295 4286 t
1318 4235 1442 4284 beneficio

214 4323 343 4384 egestatis,
364 4318 399 4374 de
416 4320 459 4373 ira
474 4324 497 4385 l,
511 4323 535 4383 8,
550 4325 563 4372 *l
585 4321 685 4371 rationis
705 4320 842 4377 beneficio;
863 4318 902 4372 ad
919 4318 1007 4374 Mara.
1021 4324 1045 4382 2,
1060 4325 1084 4383 5,
1106 4323 1117 4373 l
1139 4323 1224 4372 mortis
1242 4322 1366 4372 beneficio

213 4409 320 4472 inertie*
397 4411 479 4458 uiuunt
492 4411 518 4475 (u
529 4415 622 4462 anien
635 4409 662 4461 in
675 4409 742 4472 ras.)
816 4407 850 4460 24
869 4417 983 4474 ceperunt
1054 4407 1088 4462 28
1101 4409 1227 4460 instabiles
1240 4402 1369 4479 (slcoffir.)
