3046 5092
255 124 295 187 28
530 117 609 158 DIAL.
629 114 658 158 11.
678 114 719 154 AD
739 113 884 155 SERENVM
901 112 961 154 NEC
980 112 1123 153 INIVRIAM
1142 112 1202 153 NEC

253 276 370 345 quanta
393 273 499 326 autem
517 261 677 324 dementia
693 269 741 322 est
757 260 868 320 iisdem
884 260 984 320 modo
1000 258 1158 334 delectari,
1183 257 1284 320 modo
1301 259 1420 333 offendi,
1433 268 1464 322 et

253 391 320 433 rem
329 371 370 434 ab
378 370 480 433 amico
491 371 608 432 dictam
617 366 819 430 maledictum
829 387 952 441 uocare,
965 387 984 428 a
996 364 1120 428 seruulo
1134 365 1273 428 ioculare
1282 367 1464 428 conuicium?

342 477 410 539 XII.
448 476 554 557 Quem
593 475 732 536 animum
764 494 823 534 nos
853 474 1004 535 aduersus
1034 493 1150 554 pueros
1182 471 1357 548 habemus,
1393 472 1465 535 hunc
1485 480 1515 521 ’ἴ

252 585 375 666 sapiens
406 583 556 644 aduersus
587 602 712 655 omnes,
751 580 863 661 quibus
894 574 989 642 etiani
1020 588 1095 660 post
1124 580 1286 643 iuuentam
1319 600 1466 661 canosque

226 690 409 773 spuerilitas
433 698 489 751 est.
535 709 575 750 an
599 689 766 768 quicquam
790 688 839 748 isti
864 686 1073 768 proiecerunt,
1098 687 1212 767 quibus
1234 685 1362 768 puerilis
1384 688 1467 749 animi

252 796 334 858 mala
365 805 437 857 sunt
470 796 616 875 auctique
647 795 677 855 in
708 795 808 856 maius
840 813 975 868 errores
1006 794 1058 874 qui
1090 793 1235 874 apueris
1260 795 1467 874 magnitudine

251 913 375 965 tantum
414 902 578 982 formaque
609 921 778 982 corporum
810 900 968 975 disserunt,
1005 910 1145 963 ceterum
1176 921 1241 962 non
1272 901 1376 962 minus
1405 902 1468 982 uagi

251 1009 434 1089 incertique,
474 1007 681 1088 uoluptatium
717 1008 783 1068 sine
819 1008 934 1069 dilectu
964 1008 1164 1089 adpetentes
1203 1007 1318 1088 trepidi
1350 1017 1383 1070 et
1411 1029 1467 1070 non

250 1116 376 1197 ingenio
414 1116 471 1176 sed
511 1113 676 1176 formidine
714 1114 826 1194 quieti?
880 1134 945 1175 non
982 1115 1055 1176 ideo
1096 1113 1264 1195 quicquam
1295 1115 1378 1177 inter
1406 1114 1467 1176 illos
1489 1115 1515 1168 ἓ

212 1247 237 1287 ro
250 1242 429 1304 puerosque
461 1222 610 1284 interesse
642 1221 710 1301 quis
739 1220 865 1294 dixerit,
897 1221 984 1301 quod
1015 1220 1072 1282 illis
1103 1219 1240 1282 talorum
1263 1241 1420 1284 nucumue
1441 1231 1467 1284 et

251 1330 330 1391 aeris
354 1329 462 1390 minuti
485 1328 615 1390 auaritia
638 1336 694 1402 est,
719 1326 765 1388 his
788 1328 854 1388 auri
878 1327 1063 1408 argentique
1086 1337 1118 1390 et
1143 1327 1284 1402 urbium;
1308 1330 1412 1409 quod
1432 1327 1467 1390 illi

249 1439 330 1499 inter
352 1437 437 1517 ipsos
462 1435 663 1516 magistratus
686 1445 800 1514 gerunt
823 1443 855 1495 et
878 1443 1078 1515 praetextam
1101 1433 1265 1515 fascesque
1289 1455 1326 1496 ac
1341 1435 1467 1499 tribunal

250 1544 422 1617 imitantur,
454 1541 484 1603 hi
516 1542 629 1603 eadem
660 1542 691 1602 in
721 1562 836 1622 campo
866 1540 1000 1621 loroque
1024 1551 1056 1604 et
1079 1542 1109 1603 in
1133 1541 1216 1603 curia
1239 1543 1322 1604 serio
1345 1541 1464 1618 ludunt;

250 1650 290 1723 iui
321 1652 350 1712 in
381 1649 523 1713 litoribus
554 1649 690 1710 harenae
714 1659 867 1729 congestu
891 1647 1056 1710 simulacra
1080 1649 1233 1711 domuum
1257 1650 1411 1727 excitant,
1439 1650 1466 1712 hi

121 1804 124 1809 <
212 1780 235 1818 15
250 1766 284 1818 ut
316 1777 467 1837 magnum
498 1755 613 1838 aliquid
644 1765 775 1836 agentes
807 1755 837 1816 in
868 1753 1023 1836 lapidibus
1054 1776 1091 1817 ac
1119 1756 1290 1837 parietibus
1322 1766 1356 1819 et
1386 1758 1467 1820 tectis

250 1862 416 1924 moliendis
439 1863 583 1944 occupati
606 1863 722 1924 tutelae
738 1882 907 1943 corporum
924 1863 1051 1924 inuenta
1067 1863 1097 1923 iu
1113 1862 1286 1944 periculum
1305 1873 1466 1928 uerterunt

249 1990 327 2050 ergo
350 1990 407 2051 par
430 1970 533 2050 pueris
556 1968 739 2048 longiusque
763 1969 945 2050 progressis
969 1969 1027 2030 sed
1051 1969 1081 2030 in
1105 1967 1165 2030 alia
1189 1970 1373 2051 maioraque
1389 1991 1467 2034 error

249 2087 303 2138 est.
358 2097 421 2137 non
460 2070 603 2137 inmerito
643 2076 748 2156 itaque
783 2075 897 2136 horum
931 2074 1136 2137 contumelias
1166 2077 1291 2158 sapiens
1322 2088 1357 2141 ut
1387 2079 1467 2142 iocos
1482 2087 1515 2138 ..¹-

248 2183 368 2264 accipit.
408 2191 439 2244 et
456 2182 625 2263 aliquando
641 2181 709 2244 illos
726 2191 888 2262 tamquam
905 2203 1019 2263 pueros
1036 2181 1119 2244 malo
1137 2204 1305 2264 poenaque
1320 2186 1469 2248 admonet

208 2310 234 2350 n
251 2289 387 2371 [adficiti
412 2310 475 2351 non
498 2289 571 2370 quia
593 2290 715 2371 accepit
738 2289 887 2363 iniuriam,
910 2290 967 2349 sed
991 2289 1064 2369 quia
1078 2288 1217 2351 fecerunt
1233 2299 1265 2352 et
1281 2300 1316 2352 ut
1331 2291 1468 2354 desinant

248 2396 358 2458 facere.
405 2397 448 2460 sic
472 2397 554 2458 enim
578 2406 610 2458 et
632 2417 750 2478 pecora
773 2396 904 2457 uerbere
928 2395 1112 2471 domantur,
1143 2417 1201 2457 nec
1224 2398 1387 2460 irascimur
1409 2398 1468 2473 illis,

248 2524 319 2565 cum
336 2525 492 2566 sessorem
504 2514 739 2583 recusauerunt,
762 2505 819 2565 sed
836 2504 1062 2584 conpescimus‚
1084 2514 1118 2566 ut
1134 2502 1226 2565 dolor
1241 2507 1468 2567 contumaciam

248 2611 360 2671 ulncat.
406 2631 483 2691 ergo
509 2620 541 2673 et
563 2610 637 2672 illud
657 2610 795 2673 solutum
816 2611 903 2685 scies,
926 2611 1014 2690 quod
1040 2609 1131 2671 nobis
1155 2611 1341 2692 opponitur:
1369 2633 1468 2693 quare,

248 2718 273 2778 si
303 2737 368 2778 non
399 2717 520 2798 accepit
550 2718 691 2779 iniuriam
723 2717 846 2798 sapiens
877 2738 936 2779 nec
960 2717 1197 2791 contumeliam,
1228 2717 1318 2798 punit
1341 2739 1400 2781 eos
1422 2719 1469 2800 qui

207 2845 232 2884 ts
247 2821 406 2885 lecerunt?
438 2845 501 2885 non
525 2825 607 2886 enim
631 2845 666 2887 se
690 2823 851 2900 ulciscitur,
875 2825 933 2886 sed
956 2823 1024 2885 illos
1048 2824 1204 2885 emendat.

336 2930 419 2991 XIII.
452 2929 538 3012 Quid
562 2939 611 2993 est
626 2940 742 3006 autem,
766 2952 862 3012 quare
877 2931 959 2992 hanc
974 2932 1067 2991 animi
1083 2929 1263 2993 firmitatem
1281 2952 1345 2992 non
1363 2933 1470 2996 credas
1486 2945 1495 2997 1

246 3035 276 3095 in
300 3036 400 3097 uirum
424 3038 598 3117 sapientem
623 3039 744 3111 cadere,
769 3057 841 3099 cum
865 3036 921 3098 tibi
944 3037 974 3097 in
998 3036 1062 3099 aliis
1082 3038 1167 3099 idem
1191 3045 1310 3112 notare,
1334 3041 1470 3101 sednon

247 3161 289 3202 ex
323 3143 436 3204 eadem
468 3163 562 3205 causa
593 3143 703 3205 liceat?
743 3145 812 3224 quis
836 3144 918 3225 enim
942 3143 1125 3224 phrenetico
1149 3144 1290 3205 medicus
1314 3146 1469 3209 irascitur?

246 3248 315 3328 quis
340 3247 540 3312 febricitantis
565 3259 596 3311 et
619 3270 638 3311 a
660 3249 771 3332 frigida
794 3249 942 3331 prohibiti
965 3249 1133 3312 maledicta
1155 3251 1186 3311 in
1209 3250 1325 3312 malam
1346 3263 1470 3332 partem

206 3378 232 3418 sn
246 3354 374 3436 accipit?
398 3355 481 3418 hunc
492 3356 652 3419 adfectum
668 3358 819 3420 aduersus
834 3358 937 3419 omnis
950 3357 1048 3419 habet
1063 3358 1194 3439 sapiens,
1208 3377 1304 3437 quem
1318 3359 1470 3421 aduersus
1486 3361 1500 3414 2

248 3584 377 3634 lhisdem
432 3585 593 3637 2ioculari*
659 3585 770 3637 Ionis*
790 3587 856 3654 (ras.
872 3585 980 3655 puncti)
1030 3587 1162 3653 bpuerilis
1181 3588 1256 3636 animi
1277 3584 1373 3640 Gertz:
1396 3590 1472 3638 animi

335 3726 463 3778 bonores
483 3727 561 3793 (ras.)
656 3722 736 3793 pue1i⁵
753 3728 774 3794 (s
793 3744 826 3779 m.
836 3729 895 3797 pr.)
988 3727 1020 3779 10
1039 3705 1171 3780 interesse
1264 3730 1294 3781 ll
1315 3683 1400 3780 auarla

244 3816 365 3880 argentiq;
376 3834 392 3864 s
412 3816 476 3878 (ras,
491 3813 573 3867 unius
590 3815 696 3884 puncti)
793 3818 826 3870 12
845 3818 1023 3883 magistratuijs
1031 3817 1095 3871 uide
1101 3834 1132 3888 p.
1154 3820 1195 3879 22,
1210 3821 1226 3870 4
1305 3817 1331 3869 ll
1346 3820 1471 3869 simulac*

534 3915 548 3941 n
1201 3910 1203 3915 .

244 3958 340 4008 domuu
466 3957 554 4007 excitat
574 3957 652 4024 (nm.
669 3957 726 4026 pr.)
859 3959 890 4010 15
911 3940 1026 4026 degentes
1164 3977 1193 4008 ac
1219 3958 1290 4012 delet
1314 3958 1397 4013 Gertz
1422 3961 1473 4016 sed

244 4043 308 4096 iride
322 4042 514 4099 Schultessium
529 4043 610 4114 (dior.
626 4043 749 4115 Gotn'rq..
759 4049 825 4098 1874
835 4063 865 4116 p.
881 4047 960 4114 1449)
975 4054 1001 4102 et
1016 4047 1040 4101 Τ
1037 4047 1163 4101 duratum
1177 4046 1278 4113 (Revue
1297 4049 1384 4118 critiq.
1401 4054 1469 4103 1875

240 4148 270 4202 p.
286 4132 329 4200 71)
406 4134 454 4187 ’18
473 4136 596 4184 immerito
670 4135 702 4188 19
715 4151 807 4200 penaq3
881 4137 996 4186 admonet
1010 4137 1112 4205 [adficit]
1126 4135 1251 4191 Fickert:
1274 4142 1375 4188 amonet
1392 4141 1471 4194 afficit

333 4220 367 4275 28
385 4223 503 4274 frenetico
592 4226 627 4277 30
646 4226 737 4276 aflectu
