3046 5092
312 330 391 372 DlAL.
408 329 446 371 v1.
474 329 516 369 AD
531 328 673 369 MARCIAM
690 329 728 369 DE
745 327 988 370 CONSOLATIONE.
1002 286 1049 372 ⁹17.
1232 334 1293 395 139

83 479 204 555 perires,
228 486 262 539 ut
285 496 444 558 sperares,
468 485 639 549 metuereS,
663 474 740 538 alios
764 487 859 557 teque
882 475 1077 556 inquietares,
1102 484 1239 538 mortem
1263 487 1295 540 et

84 582 197 645 timeres
220 591 252 644 et
275 593 403 664 optares
426 592 458 645 et
481 584 569 665 quod
592 592 641 645 est
663 584 852 664 pessimum,
880 602 1052 663 numquam
1075 567 1185 656 scires,
1210 583 1295 647 cuius

61 693 158 751 lesses
179 699 287 752 status.
318 690 344 752 si
366 691 435 771 quis
451 690 625 771 Syracusas
647 691 766 771 petenti
790 690 925 751 diceret:
953 690 1059 751 omnia
1081 690 1295 766 incommoda,

88 815 184 858 omnes
227 796 407 878 uoluptates
448 797 571 859 suturae
608 797 868 877 peregrinationis
906 806 979 858 tuae
1016 805 1089 858 ante
1127 816 1295 876 cognosce,

90 903 186 964 deinde
208 904 250 975 ita
273 905 394 984 nauiga.
433 903 512 965 haec
534 912 616 978 sunt,
639 923 720 983 quae
743 904 847 964 mirari
870 903 987 983 possis:
1015 901 1136 964 uidebis
1158 904 1321 984 primum⁵

92 1008 174 1090 ipsam
203 1009 335 1071 insulam
367 1011 408 1071 ab
439 1008 528 1071 Italia
557 1020 692 1090 angusto
724 1011 932 1073 interscissam
964 1007 1061 1083 freto,
1075 984 1189 1089 ‘quam
1220 1031 1294 1072 con-

93 1117 180 1179 tinenti
210 1117 373 1197 quondam
398 1116 577 1179 cohaesisse
600 1125 732 1178 constat.
773 1116 917 1178 'subitum
940 1115 992 1178 illo
1016 1136 1102 1177 mare
1126 1117 1239 1197 inrupit
1262 1126 1295 1179 et

415 1227 585 1301 Hesperium
611 1226 706 1283 Siculo
726 1228 805 1284 ,latus
821 1227 946 1283 abscidit.

95 1329 186 1391 deinde
215 1329 353 1404 uidebis,
384 1330 490 1392 licebit
512 1331 595 1391 enim
618 1329 675 1390 tibi
697 1329 910 1391 auidissimum
935 1331 1028 1391 maris
1052 1330 1201 1391 uerticem
1224 1351 1294 1411 per-

94 1437 230 1516 stringere,
254 1445 386 1500 stratam
410 1436 494 1498 illam
517 1435 694 1498 fabulosam
719 1433 925 1515 Charybdim,
948 1436 1100 1516 quamdiu
1122 1435 1164 1497 ab
1187 1445 1295 1498 austro
1311 1455 1334 1495 m

95 1554 179 1617 uacat,
201 1551 234 1604 at
256 1545 282 1604 si
305 1543 380 1623 quid
403 1543 476 1604 inde
501 1542 718 1604 uehementius
740 1543 884 1623 spirauit‚
915 1561 1033 1620 magno
1056 1541 1143 1603 hiatu
1166 1542 1293 1623 prolun-

67 1649 179 1728 3doque
215 1651 340 1730 nauigia
378 1650 569 1712 sorbentem.
624 1648 744 1709 uidebis
783 1648 1063 1710 celebratissimum
1106 1650 1295 1710 carminibus

94 1752 192 1818 sontem
215 1755 419 1829 Arethusam,
443 1756 617 1817 nitidissimi
640 1774 677 1816 ac
699 1754 849 1836 perlucidi
864 1755 906 1815 ad
921 1755 1019 1816 imum
1035 1744 1145 1834 stagni,
1169 1755 1293 1836 gelidis-

94 1860 168 1923 simas
188 1883 286 1943 aquas
308 1861 565 1944 profundentem,
589 1863 655 1923 siue
678 1860 744 1922 illas
767 1861 809 1922 ibi
832 1863 967 1943 primum
991 1863 1147 1924 nascentis
1170 1862 1295 1937 inuenit,

95 1965 145 2028 siue
168 1968 319 2052 inlapsum
350 1969 440 2030 terris
471 1966 585 2029 flumen
616 1969 774 2046 integrum
797 1967 907 2029 subter
930 1977 979 2030 tot
1003 1969 1099 2029 maria
1123 1978 1155 2030 et
1178 1989 1197 2030 a
1219 1989 1293 2030 con·
1311 1987 1335 2027 15

69 2070 191 2137 llusione
213 2076 328 2156 peioris
351 2075 454 2137 undae
477 2082 636 2136 seruatum
668 2075 813 2137 reddidit.
859 2074 980 2136 uidebis
1011 2084 1138 2155 portum
1169 2076 1294 2156 quietis·

95 2178 186 2244 simum
209 2183 365 2257 omniurn,
388 2202 469 2262 quos
492 2191 546 2244 aut
569 2191 681 2243 natura
704 2182 809 2262 posuit
840 2182 870 2242 in
903 2181 1033 2244 tutelam
1066 2180 1210 2244 classium
1241 2190 1296 2243 aut

95 2287 189 2350 adiuuit
211 2309 332 2363 manus,
355 2290 400 2351 sic
422 2297 539 2363 tutum,
562 2297 659 2349 utne
683 2289 892 2350 maximarum
916 2289 1045 2369 quidem
1069 2296 1296 2370 tempestatum

96 2388 168 2456 lurori
197 2396 284 2458 locus
315 2396 364 2457 sit.
411 2395 532 2457 uidebis
563 2395 616 2457 ubi
639 2394 840 2456 Athenarum
871 2396 1014 2476 potentia
1036 2394 1147 2470 fracta,
1171 2395 1224 2456 ubi
1246 2403 1296 2456 tot

97 2499 160 2562 milia
186 2503 383 2584 captiuorum
407 2502 456 2563 ille
480 2501 591 2562 excisis
615 2501 645 2563 in
668 2501 818 2563 infinitam
843 2501 1039 2563 altitudinem
1063 2503 1149 2563 saxis
1172 2502 1295 2564 natiuus
1309 2507 1353 2559 20·

97 2621 179 2670 carcer
206 2608 388 2682 incluserat,
420 2610 520 2690 ipsam
552 2608 711 2687 ingentem
744 2608 901 2670 ciuitatem
925 2617 958 2669 et
981 2607 1081 2669 laxius
1104 2609 1295 2669 territorium

97 2728 170 2788 quam
191 2715 360 2778 multarum
385 2714 508 2776 urbium
531 2713 610 2778 fines
632 2722 721 2787 sunt,
751 2715 945 2795 tepidissima
968 2713 1098 2776 hiberna
1121 2723 1153 2776 et
1176 2713 1294 2775 nullum

71 2815 161 2881 tdiem
181 2822 251 2883 sine
268 2821 446 2883 interuentu
469 2820 551 2882 solis
583 2821 640 2882 sed
664 2841 736 2882 cum
760 2821 867 2882 omnia
888 2821 948 2882 ista
971 2822 1166 2900 cognoueris,
1190 2822 1295 2900 grauis

95 2929 120 2980 et
136 2924 287 2990 insalubris
310 2937 413 2990 aestas
435 2927 557 2989 hiberni
580 2926 656 2988 caeli
679 2927 832 2989 beneficia
855 2935 1045 3007 corrumpet.
1090 2928 1148 2989 erit
1171 2927 1293 3006 Diony-

95 3077 281 3097 &mu-...-

94 3180 178 3242 2esses
201 3199 275 3244 status
302 3190 468 3246 deteriores:
497 3209 549 3242 esse
567 3198 642 3242 status
744 3192 905 3244 Rsuracusas
1008 3193 1193 3242 incommodas

90 3312 358 3402 ‘iperegrinatiomsltue
438 3335 453 3386 5
473 3353 535 3400 quae
548 3337 632 3385 mirari
645 3337 724 3400 possis
746 3333 800 3387 ΕΗ
821 3352 868 3400 que
880 3337 964 3384 mirari
978 3293 1053 3400 possit
1131 3337 1147 3388 ti
1167 3328 1295 3411 ambitulia

163 3424 177 3476 9
196 3427 357 3491 perstringere
375 3422 538 3477 Mucianus:
560 3426 705 3489 restringere
804 3424 832 3476 ll)
851 3425 1005 3488 Charybdim
1025 3426 1142 3490 quamdiu
1161 3428 1193 3475 ab
1213 3433 1295 3476 austro

86 3511 155 3572 uacat,
181 3523 205 3564 at
228 3516 249 3564 si
273 3515 333 3578 quid
352 3511 540 3582 Bonqarsr'us:
568 3514 682 3563 charibdi
707 3513 860 3577 aquamdiu
886 3514 1001 3562 abaustro
1028 3520 1101 3563 uacat
1125 3517 1141 3565 it
1166 3524 1190 3563 at
1215 3517 1295 3581 siquid

84 3584 103 3647 (i
116 3607 150 3646 m·
174 3605 188 3656 2
211 3600 289 3656 nulla
307 3617 424 3660 rusurn;
451 3602 479 3654 in
498 3603 555 3668 quid
576 3603 592 3650 d
611 3596 698 3668 corni
805 3601 832 3652 lb
857 3603 962 3666 inipsum
983 3600 1043 3654 cod.
1062 3603 1183 3668 inlapsum
1205 3600 1295 3668 Gertz,

79 3686 127 3755 curn
154 3693 209 3745 iam
233 3691 392 3762 superiores
419 3689 539 3744 editores
562 3689 606 3743 hic
630 3690 807 3761 participium
833 3687 919 3743 latere
943 3689 1074 3744 uidrssent
1099 3698 1125 3744 et
1152 3689 1296 3745 Porciorum

76 3759 209 3844 inmersum,
224 3779 364 3833 Rubenius
382 3779 518 3842 inmissum,
535 3776 650 3847 Madrtt'q
665 3781 823 3844 interceptum
834 3779 1042 3850 proposuissent
1125 3782 1295 3830 aconiusione

74 3845 235 3923 deteriores:
257 3870 290 3918 ad
309 3868 454 3919 confusione
558 3866 589 3919 ’16
608 3869 672 3917 unde
768 3867 799 3918 li
820 3868 920 3917 tutelam
941 3865 1106 3920 deteriores:
1127 3870 1201 3919 tutela

73 3933 96 3989 18
110 3961 208 4010 ¹1lanus
234 3958 314 4012 datr:
336 3974 422 4008 munus
525 3959 704 4022 tempestatium
809 3957 842 4009 19
866 3959 941 4007 furori
960 3959 1029 4008 locus
1053 3955 1113 4012 cod.
1133 3959 1200 4006 locus
1220 3956 1294 4004 furori

70 4063 156 4137 “uiqo
256 4083 290 4136 20
315 4083 445 4133 altitudine
464 4057 523 4084 saus
542 4082 653 4132 nauliuos
676 4079 735 4135 cod.
761 4082 855 4132 natiuus
874 4080 992 4152 lipsius.
1014 4078 1135 4133 Ceterum
1153 4076 1294 4148 aliquanto

70 4148 261 4226 dementiorem
286 4170 403 4242 speciem
428 4169 505 4224 locus
530 4168 671 4233 indueret,
696 4170 722 4222 si
738 4170 825 4223 altero
850 4171 892 4219 ubi
912 4168 1012 4232 deleto,
1038 4169 1076 4220 ita
1095 4175 1123 4220 ut
1142 4169 1293 4216 Athenarum

71 4248 184 4310 potenti,
201 4263 277 4311 tracia
296 4263 354 4332 'pro
374 4258 493 4313 ablativio
512 4256 636 4313 absoluto
655 4266 759 4322 essent,
777 4256 943 4311 scriberetur
961 4259 1083 4307 incluserit
1172 4255 1205 4307 21
1226 4256 1293 4305 terri-

73 4334 344 4404 tori¹¹111delrrt'orrs:
365 4351 461 4400 territor
545 4349 579 4402 22
598 4350 752 4413 tepidissima
766 4344 928 4399 Hnoianm:
951 4346 1101 4409 lepidissima
1186 4343 1219 4396 24
1239 4361 1293 4393 cor·

77 4434 173 4494 rumpet
190 4439 310 4508 Lipsius:
332 4439 467 4502 corrumpit
556 4439 674 4486 dionisius
749 4491 751 4499 Ι
