3046 5092
193 291 255 351 168
414 283 551 328 DlAL.V11.
580 285 622 325 Ab
638 284 816 325 GALLmNEM
834 284 873 324 DE
887 285 958 324 VITA
973 284 1080 325 ΒΕΑΤΑ.
1110 285 1143 327 il.
1159 286 1192 328 tt.

190 451 308 512 magno
333 431 479 492 aestimat
503 439 535 492 et
624 416 627 420 ¹

534 542 606 598 latos
630 543 747 598 canibus
770 541 947 597 circumdare
968 541 1066 612 saltus,

190 655 224 707 ut
255 644 374 725 illarum
406 646 537 725 uestigia
567 656 706 725 premat,
737 647 863 726 potiora
893 643 1008 706 deserit
1039 644 1208 726 multisque
1236 645 1347 708 officiis
1373 667 1420 709 re-

190 754 327 815 nuntiat:
362 753 405 815 ita
428 754 480 832 qui
503 761 641 814 sectatur
664 752 878 833 uoluptatem,
910 746 1016 813 oninia
1039 753 1204 833 postponit
1226 761 1259 814 et
1282 753 1420 834 primam

164 860 369 922 ilibertatem
400 858 539 940 neglegit
571 879 608 921 ac
637 880 695 940 pro
728 867 839 920 uentre
869 857 1036 940 dependit,
1067 879 1126 920 nec
1156 858 1339 942 uoluptates
1362 860 1422 922 sibi

190 971 275 1042 emit,
298 968 355 1028 sed
379 987 414 1028 se
437 965 651 1046 uoluptatibus
663 966 794 1059 pendit.

280 1074 351 1135 XV.
399 1073 490 1155 Quid,
516 1083 643 1147 tamen,
673 1074 786 1154 inquit,
816 1065 973 1155 prohibet
996 1073 1027 1133 in
1059 1094 1155 1134 unum
1187 1077 1337 1136 uirtutem
1363 1096 1419 1137 uo·
1444 1090 1455 1142 1

151 1173 155 1179 ⁶
190 1181 408 1262 luptatemque
438 1180 584 1241 confundi
616 1187 648 1241 et
678 1183 721 1241 ita
751 1178 830 1241 effici
861 1198 1019 1241 summum
1043 1179 1181 1254 bonum,
1212 1189 1247 1243 ut
1277 1181 1366 1243 idem
1390 1190 1424 1244 et

184 1289 360 1351 honestum
392 1295 424 1348 et
455 1288 624 1349 iucundum
655 1289 716 1349 sit?
762 1289 835 1367 quia
863 1306 936 1368 pars
967 1286 1091 1348 honesti
1123 1306 1199 1352 non,
1218 1296 1329 1369 potest
1353 1308 1424 1350 esse

153 1406 176 1445 ¹⁰
192 1395 247 1456 nisi
278 1395 463 1468 honestum,
494 1414 552 1455 nec
583 1414 742 1456 summum
773 1394 894 1456 bonum
925 1392 1056 1456 habebit
1086 1395 1297 1456 sinceritatem
1321 1415 1423 1469 suam,

190 1502 215 1562 si
239 1501 354 1581 aliquid
378 1502 407 1562 in
431 1520 465 1562 se
489 1500 599 1562 uiderit
624 1499 771 1563 dissimile
795 1500 924 1563 meliori.
956 1521 996 1562 ne
1020 1500 1168 1581 gaudium
1185 1501 1315 1582 quidem
1331 1503 1422 1583 quod
1442 1516 1458 1568 ‘2

191 1629 233 1669 ex
264 1608 378 1670 uirtute
409 1610 521 1682 oritur,
555 1609 699 1688 quamuis
722 1608 844 1669 bonum
867 1610 923 1682 sit,
954 1607 1090 1669 absoluti
1114 1616 1223 1670 tamen
1245 1608 1324 1670 boni
1348 1630 1423 1690 pars

191 1723 247 1790 est,
271 1736 335 1776 non
359 1716 460 1797 magis
483 1735 578 1796 quarn
603 1713 719 1779 laetitia
742 1723 775 1776 et
798 1704 1017 1796 tranquillitaS,
1042 1716 1185 1796 quamuis
1208 1736 1251 1777 ex
1275 1713 1422 1795 pulcher·

190 1821 274 1882 rimis
306 1822 405 1883 causis
436 1829 611 1883 nascantur.
657 1827 729 1882 sunt
765 1821 848 1882 enirn
879 1822 939 1883 ista
970 1821 1071 1897 bona,
1107 1823 1164 1884 sed
1195 1824 1424 1904 consequentia

153 1941 176 1980 1⁵
191 1948 351 1990 summum
374 1928 504 2002 bonum,
528 1948 591 1989 non
615 1929 876 1989 consummantia.
915 1928 966 2009 qui
989 1949 1066 1990 uero
1090 1929 1211 1991 uirtutis
1234 1928 1459 2010 uoluptatis-3

192 2055 253 2116 que
284 2036 470 2097 societatem
502 2033 573 2096 iacit
605 2042 637 2095 et
667 2054 707 2094 ne
737 2055 778 2096 ex
802 2054 905 2115 aequo
928 2034 1073 2115 quidem,
1105 2034 1272 2116 fragilitate
1295 2035 1424 2098 alterius

192 2141 268 2203 boni
298 2142 451 2221 quidquid
482 2142 513 2201 in
543 2139 643 2201 altero
676 2141 792 2221 uigoris
823 2149 871 2202 est
902 2141 1032 2203 hebetat
1062 2141 1305 2223 libertatemque
1328 2143 1424 2218 illam,

192 2249 235 2309 ita
259 2249 397 2322 demum,
421 2248 445 2309 si
470 2246 544 2309 nihil
567 2268 601 2309 se
624 2248 791 2328 pretiosius
812 2248 907 2322 nouit,
930 2247 1088 2322 inuictam,
1112 2248 1299 2330 subiugum
1317 2251 1424 2312 mittit.

192 2375 283 2430 nam,
322 2375 403 2435 quae
435 2355 575 2416 maxima
606 2356 739 2416 seruitus
771 2363 834 2427 est,
868 2354 973 2434 incipit
1003 2353 1043 2416 illi
1075 2373 1155 2436 opus
1186 2375 1256 2418 esse
1287 2356 1423 2420 fortuna

152 2472 178 2514 ‘2⁰
193 2463 331 2543 sequitur
354 2463 418 2523 uita
441 2462 551 2535 anxia,
582 2462 768 2542 suspiciosa,
792 2462 923 2542 trepida,
948 2482 1055 2523 casum
1079 2482 1212 2543 pauens,
1241 2471 1425 2544 temporum

194 2589 346 2652 suspensa
369 2569 549 2631 momentis.
581 2588 645 2628 non
669 2570 726 2630 das
749 2568 854 2630 uirtuti
878 2567 1117 2631 fundamentum
1134 2588 1240 2648 graue,
1263 2571 1425 2646 inmobile,
1443 2585 1463 2637 t

193 2676 218 2736 si
242 2677 330 2738 iubes
354 2675 437 2737 illam
462 2677 492 2735 in
515 2675 586 2736 loco
610 2673 738 2736 uolubili
761 2685 853 2737 stare.
885 2674 960 2764 quid
983 2685 1090 2737 autem
1113 2684 1181 2737 tarn
1205 2675 1344 2739 uolubile
1368 2689 1425 2753 est,

119 2806 124 2815 ·
193 2802 288 2865 quam
312 2782 512 2844 fortuitorum
537 2782 718 2861 expectatio
743 2790 775 2842 et
799 2780 940 2862 corporis
961 2801 1129 2862 rerumque
1144 2801 1259 2863 corpus
1275 2781 1424 2847 adficien-

136 2933 138 2936 >
193 2891 271 2953 tium
295 2890 448 2950 uarietas?
473 2888 639 2968 quomodo
662 2886 713 2948 hic
735 2895 842 2968 potest
865 2888 928 2948 deo
951 2908 1061 2968 parere
1085 2895 1116 2949 et
1136 2888 1288 2970 quidquid
1311 2894 1426 2966 euenit,

153 3008 179 3049 ²⁵
193 2996 281 3058 bono
312 2997 418 3058 animo
450 2996 597 3074 excipere
620 3015 679 3056 nec
703 2994 831 3056 delato
855 2996 942 3075 queri
965 3015 1093 3056 casuum
1117 3015 1245 3057 suorum
1270 2995 1426 3078 benignus

193 3106 361 3185 interpreS,
393 3106 418 3165 si
446 3105 487 3164 ad
511 3103 709 3182 uoluptatum
734 3100 944 3182 dolorumque
967 3101 1204 3183 punctiunculas
1227 3105 1425 3166 concutitur?

194 3212 251 3272 sed
283 3231 323 3271 ne
346 3211 464 3290 patriae
487 3210 616 3290 quidem
640 3208 743 3270 bonus
766 3218 853 3270 tutor
876 3217 929 3270 aut
954 3210 1071 3271 uindex
1096 3218 1143 3271 est
1167 3230 1226 3271 nec
1249 3211 1424 3273 amicorum

174 3325 427 3398 propugnator,
459 3317 483 3378 si
516 3317 557 3377 ad
581 3315 760 3397 uoluptates
784 3316 893 3396 uergit.
906 3289 925 3365 s
939 3315 992 3377 illo
1016 3336 1095 3398 ergo
1118 3335 1279 3378 summum
1301 3316 1456 3386 bonumn

195 3421 359 3496 escendat,
392 3423 475 3483 unde
506 3420 590 3484 nulla
614 3423 643 3482 ui
666 3421 856 3496 detrahitur,
889 3442 953 3502 quo
977 3441 1080 3503 neque
1104 3422 1206 3484 dolori
1231 3442 1335 3504 neque
1358 3425 1425 3506 spei

196 3582 350 3633 laestimat
370 3577 467 3648 uulgo:
494 3582 607 3644 estimant
698 3580 811 3631 2saltus
831 3578 910 3633 dett:
937 3582 1000 3629 intus
1090 3579 1227 3645 3premat
1305 3581 1344 3634 ·5
1369 3598 1425 3632 nec·

194 3671 253 3734 legit
274 3671 298 3735 (e
317 3668 344 3720 in
363 3686 379 3732 g
399 3669 482 3735 corr.)
609 3670 626 3720 a
651 3671 685 3718 ita
704 3670 767 3719 effici
787 3667 847 3723 cod.
867 3684 927 3721 cum
947 3666 1032 3738 Neap.
1052 3673 1078 3721 et
1099 3665 1227 3738 plurimis
1245 3666 1423 3724 editionibus:

195 3759 260 3807 ellici
281 3755 367 3826 Bt'p.¹,
387 3755 507 3824 Ficlcert,
527 3757 620 3810 Haase
709 3757 725 3810 9
744 3759 876 3808 iocundum
896 3759 980 3823 (iocun
1000 3757 1027 3810 itt
1040 3757 1108 3823 ras.)
1200 3758 1232 3810 11
1254 3758 1340 3824 aliquit
1360 3760 1379 3822 (t
1397 3759 1425 3812 in

195 3845 315 3914 dcorr.)
408 3845 440 3898 15
459 3848 643 3914 uoluptatisq3*
735 3847 768 3900 17
786 3848 902 3913 quicquid
992 3847 1093 3911 hebetat
1183 3837 1218 3899 20
1236 3848 1374 3913 suspiciosa
1392 3849 1426 3913 (ic

195 3936 221 3987 t'n
241 3937 308 4001 ras.)
401 3935 431 3986 21
448 3937 579 3985 momentis
592 3933 730 3989 Muretus:
751 3943 877 3986 momenta
894 3942 948 3986 sunt
963 3933 1041 4002 (haec
1050 3943 1163 4002 praeter
1175 3940 1304 3989 eoetrema
1316 3936 1344 3991 t'n
1356 3938 1426 4004 ras.)

303 4025 454 4074 immobile*
474 4024 550 4090 (rna,
570 4021 679 4077 uidetur
694 4022 785 4092 fuisse
803 4027 838 4091 m)
929 4024 963 4077 22
982 4027 1002 4073 si
1021 4021 1112 4077 Koch:
1133 4025 1177 4075 sed
1266 4024 1426 4109 Min-ras.)
1448 4092 1450 4096 ι

304 4133 337 4184 23
358 4132 518 4181 afficientium
538 4131 633 4200 (prior
652 4132 763 4196 saort.)
836 4129 870 4182 24
889 4132 1011 4196 quicquid
1096 4131 1130 4183 25
1153 4148 1200 4198 que
1219 4133 1240 4181 ri
1255 4116 1273 4182 t
1291 4117 1326 4198 (ἶ,
1351 4131 1429 4202 quod

198 4226 239 4273 est
259 4227 296 4270 tur
314 4222 341 4273 itt
361 4219 428 4287 ras.)
537 4219 571 4272 26
597 4221 679 4283 puncti
698 4219 800 4283 ungulas
907 4218 942 4271 29
967 4221 1082 4269 escendat
1102 4219 1125 4284 (e
1144 4219 1172 4272 in
1190 4235 1261 4285 raa,
1287 4220 1320 4270 ad
1336 4220 1429 4289 Atussa

198 4309 330 4362 dixerunt
350 4306 440 4374 Itali);
467 4308 560 4378 utique
585 4325 678 4361 uerum
704 4323 762 4360 esse
780 4309 896 4357 escendat
920 4307 1038 4362 ostendit
1055 4323 1171 4378 sequens
1189 4309 1321 4360 escendere

199 4400 263 4448 unde
284 4400 357 4464 (aitte
376 4416 390 4446 u
410 4413 465 4450 ras.
485 4396 592 4450 litterae
611 4399 646 4464 m)
719 4399 742 4445 ui
762 4396 799 4462 (in
818 4399 887 4464 ras.)
972 4415 1028 4462 neq3
1050 4399 1131 4448 dolori
1145 4399 1202 4464 n'eq;
1224 4398 1261 4465 (qz
1274 4414 1303 4465 q;
1315 4397 1344 4453 in
1356 4397 1429 4467 ναί)
