3046 5092
372 321 535 364 D1AL.VI11.·
553 322 595 362 AD
610 321 752 363 SERENVM
767 322 808 362 DE
822 320 904 363 OTIO.
934 324 953 366 l.
968 325 988 365 ἓ.
1004 323 1025 365 3.
1251 328 1312 390 185

84 468 186 532 nostri
209 467 331 531 dicunt:
359 488 457 550 usque
467 461 522 530 ‘ad
546 466 689 530 ultimum
713 468 796 530 uitae
818 466 968 529 finemin
991 477 1062 530 actu
1086 467 1216 544 erimus,
1245 491 1309 557 non

86 577 268 638 desinemus
291 575 452 637 communi
474 574 561 637 bono
585 594 716 657 operam
740 575 832 649 dare,
855 575 1003 636 adiuuare
1025 575 1180 656 singulos,
1212 597 1309 659 opem

84 682 167 745 ferre
191 683 286 744 etiam
309 682 438 744 inimicis
461 679 548 743 senili
572 701 673 743 manu.
721 701 779 743 nos
802 701 927 756 sumus,
958 683 1011 762 qui
1034 680 1124 744 nullis
1148 685 1234 745 annis
1259 704 1314 746 ua-

86 789 247 852 cationem
270 790 383 864 damus
407 797 439 850 et
462 790 550 870 quod
573 789 616 851 ait
638 788 689 851 ille
713 789 758 851 uir
781 789 1011 865 disertissimus,

498 899 626 956 canitiem
648 899 734 973 galea
750 899 913 975 premimus.
1332 911 1344 950 s

87 1023 147 1065 nos
178 1023 302 1078 sumne,
333 1003 419 1085 apud
449 1023 529 1084 quos
552 1023 651 1084 usque
675 1023 714 1064 eo
738 1000 812 1064 nihil
835 1012 909 1066 ante
932 1012 1071 1065 mortem
1096 1003 1233 1065 otiosum
1258 1012 1316 1079 est,

87 1112 140 1186 ut,
171 1110 196 1171 si
227 1130 276 1172 res
307 1110 440 1190 patitur,
471 1130 536 1171 non
559 1111 598 1171 sit
621 1109 689 1190 ipsa
712 1129 797 1171 mors
820 1109 931 1172 otiosa.
977 1109 1052 1191 quid
1076 1103 1168 1171 nobis
1192 1109 1317 1191 Epicuri

87 1225 261 1299 praecepta
289 1217 320 1277 in
351 1217 424 1297 ipsis
448 1216 583 1278 Zenonis
614 1215 768 1298 principiis
792 1213 949 1296 loqueris?
980 1216 1054 1297 quin
1078 1224 1112 1278 tu
1135 1216 1218 1279 bene
1241 1237 1317 1297 gna-
1381 1207 1390 1297 ‚⁸

49 1324 184 1399 nuiter,
215 1325 241 1385 si
264 1323 401 1403 partium
423 1323 527 1404 piget,
560 1321 728 1403 transfugis
751 1324 855 1403 potius
880 1342 975 1403 quam
999 1323 1127 1403 prodis?
1175 1323 1237 1385 hoc
1260 1322 1316 1386 tibi

87 1432 120 1491 in
157 1430 337 1511 praesentia
373 1428 592 1510 respondebo:
627 1429 778 1510 'numquid
809 1429 855 1490 uis
886 1427 1034 1511 amplius,
1073 1449 1167 1510 quam
1199 1437 1234 1490 ut
1264 1450 1317 1491 me
1333 1441 1357 1483 ¹⁰

87 1537 225 1599 similem
248 1536 380 1599 ducibus
404 1537 482 1597 meis
505 1539 685 1618 praestem?
708 1536 784 1617 quid
808 1555 886 1617 ergo
910 1539 977 1597 est?
1002 1556 1067 1597 non
1089 1556 1154 1616 quo
1178 1536 1318 1598 miserint

87 1664 142 1706 me
165 1643 216 1720 illi,
238 1644 297 1706 sed
319 1664 384 1725 quo
408 1643 564 1713 duxerint,
589 1642 652 1704 ibn.
792 1642 795 1647 ’

51 1766 65 1818 1
178 1751 216 1814 Il
257 1749 330 1831 [29]
370 1749 462 1811 Nunc
491 1749 639 1830 probabo
663 1749 718 1812 tibi
742 1770 806 1811 non
829 1747 1002 1811 desciscere
1025 1769 1077 1810 me
1100 1769 1119 1811 a
1141 1750 1317 1830 praeceptis

87 1857 291 1931 Stoicorum;
330 1876 474 1941 namne
504 1857 562 1938 ipsi
592 1857 720 1937 quidem
752 1877 771 1917 a
801 1856 863 1918 suis
894 1856 1109 1931 desciuerunt,
1147 1864 1179 1918 et
1209 1864 1348 1932 tamen,

88 1964 345 2026 excusatissimus
369 1984 482 2038 essem,
506 1964 627 2025 etiamsi
649 1983 714 2025 non
737 1971 907 2045 praecepta
929 1962 1052 2025 illorum
1077 1983 1236 2044 sequerer,
1261 1963 1317 2024 sed
1334 1976 1357 2017 1⁵

88 2070 248 2152 exempla,
295 2070 358 2132 hoc
389 2070 477 2151 quod
510 2070 580 2131 dico
614 2071 643 2130 in
675 2070 753 2131 duas
778 2069 925 2131 diuidam'
940 2078 1064 2151 partes:
1099 2070 1252 2152 primum.
1284 2078 1318 2132 ut

88 2179 191 2261 possit
215 2175 324 2257 aliquis
348 2175 397 2238 uel
420 2197 439 2237 a
462 2177 562 2257 prima
585 2184 690 2238 aetate
714 2174 973 2258 contemplationi
996 2177 1134 2240 ueritatis
1158 2185 1262 2238 totum
1284 2197 1318 2240 se

52 2300 70 2352 2
89 2283 226 2359 tradere,
249 2283 404 2345 rationem
428 2284 553 2345 uiuendi
577 2303 727 2364 quaerere
750 2292 850 2386 atque
868 2303 1017 2346 exercere
1033 2293 1163 2346 secreto
1196 2285 1318 2359 deinde,

90 2401 126 2454 ut
156 2391 257 2474 possit
286 2389 349 2452 hoc
380 2389 488 2471 aliquis
519 2390 655 2452 emeritis
687 2391 749 2452 iam
780 2390 956 2472 stipendiis,
988 2390 1175 2473 profligatae
1199 2392 1319 2466 aetatis,

89 2499 156 2560 iure
192 2498 316 2579 optimo
352 2496 454 2558 facere
486 2505 518 2558 et
548 2498 589 2559 ad
620 2497 697 2567 alios
729 2506 816 2559 actus
848 2499 988 2560 animum
1019 2496 1133 2559 referre
1164 2499 1318 2578 uirginum
1332 2509 1359 2550 2⁰

89 2603 268 2667 Vestalium
292 2623 390 2684 more,
414 2624 496 2684 quae
519 2604 606 2667 annis
630 2606 710 2666 inter
732 2603 837 2666 officia
852 2605 957 2666 diuisis
973 2605 1096 2666 discunt
1112 2605 1214 2667 facere
1230 2625 1319 2666 sacra

90 2720 221 2783 etcum
246 2711 420 2774 didicerunt
443 2709 568 2774 docent.

56 2833 69 2885 1
179 2818 230 2879 ΙΙΙ.
279 2817 353 2906 [3όῇ
400 2817 474 2879 Hoc
497 2816 611 2880 Stoicis
643 2837 770 2898 quoque
793 2816 917 2899 placere
940 2819 1126 2893 ostendam,
1159 2839 1223 2880 non
1247 2818 1319 2898 quia

90 2924 164 2987 mihi
188 2923 294 3006 legem
318 2925 453 2986 dixerim
478 2922 550 2985 nihil
575 2932 685 2986 contra
708 2925 826 2985 dictum
844 2924 979 2999 Zenonis
997 2924 1205 3006 Chrysippiue
1230 2945 1316 2986 com-

90 3032 233 3106 mittere,
264 3031 322 3092 sed
352 3033 425 3112 quia
456 3052 504 3093 res
536 3033 603 3112 ipsa
633 3031 749 3112 patitur
780 3050 832 3092 me
856 3027 899 3092 ire
922 3033 952 3092 in
975 3030 1097 3093 illorum
1121 3032 1318 3106 sententiam,
1332 3042 1358 3082 2⁶

90 3160 184 3220 quam
208 3138 235 3199 si
257 3138 326 3219 quis
348 3158 474 3219 semper
498 3139 588 3199 unius
612 3140 767 3219 sequitur,
798 3157 861 3199 non
889 3139 920 3200 in
943 3139 1026 3200 curia
1048 3139 1106 3200 sed
1129 3139 1158 3200 in
1182 3138 1318 3201 factione

91 3254 147 3308 est
178 3247 298 3308 utinam
322 3246 450 3327 quidem
475 3245 536 3307 iam
560 3253 742 3306 tenerentur
763 3247 872 3307 omnia
894 3253 926 3306 et
950 3244 1094 3327 inoperta
1116 3265 1153 3307 ac
1175 3243 1319 3308 consessa

91 3354 204 3416 ueritas
228 3360 312 3414 esset
336 3350 472 3433 nihilque
496 3373 538 3414 ex
562 3351 697 3414 decretis
721 3355 934 3414 mutaremus!
961 3372 1043 3414 nunc
1065 3353 1229 3414 ueritatem
1246 3373 1318 3414 cum

61 3461 134 3522 2eis
164 3461 240 3542 ipsis
263 3459 315 3540 qui
339 3459 456 3521 docent
478 3458 666 3539 quaerimus.
712 3459 796 3521 'duae
819 3460 960 3520 maxime
983 3460 1068 3522 etin
1091 3459 1150 3522 hac
1173 3479 1207 3520 re
1231 3459 1318 3521 dissi-

92 3568 166 3629 dent
198 3575 320 3640 sectae‚
351 3565 579 3646 Epicureorum
611 3574 643 3626 et
673 3563 873 3640 Stoicorum,
904 3566 961 3628 sed
992 3576 1123 3647 utraque
1153 3567 1194 3627 ad
1219 3566 1318 3628 otium
1332 3580 1358 3621 ³0

92 3797 105 3848 3
124 3796 232 3846 inimicis
246 3792 410 3849 deteriores:
429 3795 568 3846 ininimicis.
582 3795 603 3860 (s
616 3793 726 3848 uidetur
738 3809 756 3847 α
769 3809 842 3848 corr.
857 3791 953 3847 addita
965 3795 1040 3869 esse).
1125 3796 1194 3845 senili
1208 3793 1315 3848 Haase:

91 3904 147 3953 eniti
238 3901 332 3968 baput
423 3887 542 3967 8gnault
560 3900 587 3953 fn
607 3916 661 3954 ras.
755 3900 788 3954 10
806 3902 831 3950 in
848 3903 970 3966 presentia
1063 3902 1094 3954 12
1112 3919 1153 3951 me
1170 3902 1206 3950 illi
1218 3899 1315 3970 eculeo:

92 4043 119 4077 ue
136 4027 172 4076 illi
284 4025 315 4078 13
341 4027 479 4091 apreceptis
583 4025 615 4078 14
638 4026 685 4090 ipsi
705 4023 869 4078 deteriores:
891 4027 950 4091 ipsis
1047 4027 1076 4077 17
1104 4000 1211 4075 ueritatis

93 4114 123 4168 20
142 4117 253 4172 mimum
271 4111 397 4185 Lipsius:
425 4115 521 4163 animos
616 4114 647 4166 21
670 4115 753 4164 diuisis
772 4111 937 4168 deteriores:
965 4116 1047 4164 diuitis
1137 4114 1171 4167 26
1190 4118 1239 4178 qui.
1258 4112 1317 4167 cod.

95 4201 174 4256 Gertz
193 4202 308 4257 emiterii
324 4204 455 4270 quoniam,
474 4201 526 4255 sed
543 4200 700 4256 liberiorem
718 4201 789 4255 hune
807 4201 983 4256 relatiuorum
1002 4218 1079 4255 usum
1098 4201 1152 4255 iam
1171 4201 1268 4255 notaui
1284 4201 1318 4255 de

94 4290 134 4345 ira
146 4294 172 4355 2,
191 4293 271 4358 27st
357 4293 385 4342 in
399 4293 466 4343 curia
479 4289 605 4344 Fickert:
627 4293 713 4341 iniuria
803 4293 911 4341 factione
923 4299 958 4341 est
972 4289 1104 4359 Maduip:
1125 4292 1235 4342 factiosis

95 4430 128 4485 29
144 4433 253 4499 quietim
343 4433 451 4484 maxime
468 4430 577 4486 Haase:
598 4434 706 4497 maxime
796 4393 928 4486 dissident.
