3046 5092
213 311 277 374 200
376 306 455 351 DIAL.
472 305 511 348 IX.
539 306 581 346 AD
597 305 738 365 SERENVM
753 306 794 346 DE
807 305 1074 357 TRANQVILLITATE
1086 307 1186 352 ANIMI.
1214 309 1234 351 3.
1250 310 1271 352 4.

213 451 338 527 officiis,
368 471 433 513 non
462 451 635 512 deserueris
658 470 717 512 nec
739 469 852 513 munus
876 453 1109 515 detrectaueris.
1155 473 1257 533 neque
1280 455 1364 521 enim
1386 453 1437 516 ille

211 558 304 623 solus,
321 557 441 632 militat,
464 557 570 638 quiin
593 559 658 619 acie
681 565 745 620 stat
768 567 801 620 et
824 578 922 619 cornu
946 559 1096 621 dextrum
1119 557 1308 640 laeuomque
1330 557 1436 622 defen-

212 665 267 739 dit,
290 666 346 726 sed
369 667 423 746 qui
444 672 554 745 portas
577 671 681 725 tuetur
704 673 737 726 et
758 665 895 725 statione
918 666 1020 726 minus
1043 665 1226 745 periculosa,
1248 686 1315 727 non
1334 647 1442 729 otiosa

213 781 320 833 tamen
351 768 487 850 fungitur
518 757 715 850 uigiliasque
729 778 835 831 seruat
858 779 891 832 et
914 774 1157 834 armamentario
1180 781 1322 852 praeest:
1355 793 1438 853 quae

187 898 199 935 s
214 879 382 939 ministeria
402 878 545 957 quamuis
560 878 722 951 incruenta
736 878 805 950 sint,
829 877 859 937 in
875 896 1041 939 numerum
1056 878 1286 958 stipendiorum
1301 881 1439 940 ueniunt

214 984 238 1044 si
266 992 299 1044 te
322 984 363 1044 ad
395 982 499 1044 studia
529 983 740 1055 reuocaueris,
772 1002 868 1044 omne
899 983 981 1044 uitae
1011 981 1170 1046 fastidium
1201 984 1349 1065 effugeris
1378 1005 1474 1058 nece

213 1097 342 1152 noctem
373 1088 439 1150 fieri
471 1088 596 1170 optabis
627 1088 733 1149 taedio
763 1086 855 1163 lucis,
879 1082 945 1150 -nee
977 1088 1033 1151 tibi
1064 1091 1168 1170 grauis
1201 1090 1261 1152 eris
1290 1110 1351 1152 nec
1373 1090 1440 1153 aliis

213 1216 431 1278 superuacuus.
478 1193 594 1256 multos
616 1194 648 1256 in
671 1194 837 1257 amicitiam
861 1193 1008 1257 adtrahes
1031 1194 1213 1278 adfluetque
1235 1198 1277 1258 ad
1300 1205 1335 1259 te
1357 1198 1439 1279 opti-

215 1323 285 1365 mus
315 1302 455 1382 quisque.
500 1320 673 1380 numquam
704 1300 788 1361 enim
811 1301 955 1380 quamuis
978 1301 1114 1363 obscura
1135 1303 1232 1365 uirtus
1256 1303 1349 1379 latet,
1381 1305 1441 1366 sed

178 1409 310 1471 inmittit
340 1409 386 1470 sui
415 1410 522 1488 signa:
555 1406 692 1488 quisquis
723 1407 836 1486 dignus
866 1405 971 1482 suerit,
1008 1409 1147 1493 uestigiis
1176 1407 1260 1471 illam
1292 1409 1441 1490 conliget

214 1536 288 1577 nam
312 1516 338 1576 si
360 1534 489 1576 ornnem
513 1512 953 1575 conuersationemtoliimus
977 1523 1009 1576 et
1032 1517 1140 1595 generi
1162 1513 1302 1578 humano
1326 1536 1475 1590 renun-7

214 1623 327 1685 tiamus
358 1622 553 1700 uiuimusque
575 1621 606 1681 in
629 1639 688 1681 nos
711 1628 840 1682 tantum
865 1622 1024 1695 conuersi,
1055 1629 1203 1702 sequetur
1225 1620 1308 1684 hanc
1331 1621 1440 1686 solitu·

215 1729 321 1791 dinem
345 1728 433 1789 omni
455 1726 560 1788 studio
584 1735 745 1787 carentem
768 1726 874 1807 inopia
897 1746 1002 1788 rerum
1018 1728 1229 1808 agendarum:
1255 1710 1442 1811 incipiemus

214 1833 355 1897 aedificia
378 1831 438 1894 alia
460 1852 587 1914 ponere,
611 1831 671 1893 alia
692 1831 876 1894 subuertere
900 1840 932 1894 et
955 1852 1050 1895 mare.
1065 1853 1269 1896 summouere
1293 1843 1327 1897 et
1342 1855 1442 1917 aquas

178 1959 201 1997 rs
216 1950 327 2002 contra
356 1938 572 2001 difficultatem
603 1937 746 2003 locorum
778 1939 912 2000 educere
941 1946 973 2021 et
995 1937 1078 2001 male
1100 1939 1282 2020 dispensare
1306 1944 1443 2022 tempus

215 2047 303 2129 quod
326 2041 417 2108 nobis
440 2053 553 2106 natura
575 2045 825 2106 consumendum
849 2045 955 2107 dedit:
981 2044 1031 2107 atii
1053 2065 1148 2126 parce
1169 2045 1222 2108 illo
1232 2046 1369 2123 -utimur,
1393 2047 1473 2121 aliig

215 2152 357 2235 prodige.
403 2133 454 2225 alii
475 2151 520 2212 sic
541 2151 756 2231 inpendimus,
788 2160 822 2213 ut
844 2151 1003 2231 possimus
1026 2152 1180 2213 rationem
1203 2153 1353 2228 reddere,
1372 2153 1443 2230 ‚alii

216 2269 250 2321 ut
288 2256 387 2319 nullas
425 2256 600 2319 habeamus
638 2255 797 2337 reliquias,
835 2277 898 2338 qua
926 2278 961 2319 re
991 2256 1065 2318 nihil
1081 2258 1214 2339 ‘turpius
1243 2267 1301 2321 est.
1347 2280 1443 2342 saepe

217 2365 344 2444 grandis
365 2356 457 2425 ‘natu
495 2382 595 2424 senex
632 2362 751 2424 nullum
785 2362 869 2425 aliud
904 2362 1002 2427 habet
1036 2373 1275 2444 argumentum,
1312 2385 1380 2446 quo
1409 2386 1443 2428 se
1481 2393 1484 2397 ·

107 2457 112 2464 ⁴
176 2488 201 2528 2⁰
216 2471 332 2554 probet
356 2473 408 2533 diu
432 2471 556 2544 uixisse,
578 2478 703 2550 praeter
726 2477 874 2532 aetatem.

305 2578 361 2640 IV.
407 2577 499 2652 Mihi,
531 2576 688 2638 carissime
712 2574 846 2651 Serene,
876 2576 967 2638 nimis
997 2576 1121 2639 uidetur
1143 2578 1471 2655 summisissetemu

217 2686 346 2768 poribus
369 2706 403 2746 se
426 2682 666 2757 Athenodorus,
688 2683 780 2745 nimis
803 2683 866 2744 cito
889 2681 1049 2764 refugisse.
1093 2703 1152 2745 nec
1175 2703 1237 2764 ego
1260 2686 1444 2765 negauerim

217 2793 387 2874 aliquando
423 2792 619 2875 cedendum,
654 2790 711 2851 sed
741 2789 858 2850 sensim
888 2788 989 2853 relato
1019 2791 1121 2870 gradu
1152 2800 1184 2852 et
1214 2791 1308 2854 saluis
1338 2794 1442 2874 signis,

216 2898 304 2961 salua
333 2897 456 2960 militari
488 2897 656 2977 dignitate:
690 2896 861 2958 sanctiores
893 2896 1086 2977 tutioresque
1108 2906 1182 2959 sunt
1204 2897 1349 2962 hostibus
1371 2899 1443 2976 suis,

177 3021 202 3062 25
216 3009 270 3087 qui
307 3007 337 3067 in
375 3003 472 3065 fidem
511 3023 583 3064 cum
621 3003 715 3064 armis
746 3003 880 3064 ueniunt
927 3001 990 3064 hoc
1018 3011 1098 3084 puto
1129 3004 1235 3066 uirtuti
1264 3004 1443 3069 iaciendum

216 3113 424 3192 studiosoque
455 3110 583 3171 uirtutis.
637 3109 663 3170 si
692 3107 887 3190 praeualebit
918 3108 1044 3173 fortuna
1074 3118 1106 3172 et
1136 3111 1297 3191 praecidet
1327 3114 1472 3192 agendi2

217 3218 408 3291 facultatem,
431 3237 496 3277 non
519 3217 627 3278 statim
650 3235 778 3277 auersus
801 3216 990 3296 inermisque
1012 3213 1111 3297 fugiat
1126 3215 1264 3280 latebras
1279 3239 1442 3298 quaerens»,

217 3325 306 3404 quasi
336 3322 414 3384 ullus
444 3322 532 3384 locus
562 3323 618 3396 sit,
652 3323 703 3402 [in]
735 3342 800 3403 quo
831 3342 895 3384 non
921 3323 1022 3404 possit
1045 3321 1171 3385 fortuna
1193 3326 1355 3407 persequi,
1385 3327 1443 3388 sed

216 3429 339 3511 parcius
369 3449 404 3490 se
434 3426 545 3490 inserat
574 3426 684 3490 officiis
716 3436 748 3489 et
770 3448 843 3489 curn
867 3427 982 3491 dilectu
1005 3429 1142 3491 inueniat
1164 3428 1295 3511 aliquid,
1325 3433 1357 3493 in
1378 3453 1442 3513 quo

178 3553 204 3592 30
218 3532 300 3597 utilis
323 3535 438 3597 ciuitati
459 3537 506 3598 sit.
553 3533 685 3597 militare
708 3534 881 3597 nonlicet:
908 3534 1046 3597 honores
1061 3544 1158 3617 petat
1195 3538 1320 3618 priuato
1336 3539 1440 3601 uiuen-
1458 3551 1471 3602 3

220 3643 296 3703 dum
329 3650 394 3703 est:
428 3641 467 3702 sit
497 3621 612 3703 orator.
658 3639 814 3702 silentium
838 3640 987 3702 indictum
1011 3650 1075 3703 est:
1110 3643 1217 3704 tacita
1234 3645 1443 3707 aduocatione

218 3747 302 3808 ciues
332 3749 424 3808 iuuet
470 3745 678 3828 periculosum
710 3747 804 3808 etiam
835 3747 977 3828 ingressu
1007 3746 1110 3809 sorum
1134 3757 1199 3811 est:
1230 3750 1261 3815 in
1285 3750 1442 3825 domibus,

213 4046 235 4099 3
261 4004 394 4112 portaiuet'.
466 4038 469 4046 ’
500 4045 515 4096 4
542 4051 621 4111 preest
724 4045 826 4111 7tediq
916 4043 933 4096 8
958 4025 1047 4113 adfluet
1065 4063 1113 4112 qne
1132 4053 1156 4097 at
1175 4053 1199 4098 i'e
1291 4047 1324 4102 10
1344 4050 1441 4114 colliget

315 4135 348 4187 12
371 4137 473 4187 contisis
493 4133 592 4201 (altera
609 4152 621 4184 s
640 4136 730 4198 erasa)
828 4135 860 4188 13
884 4137 948 4186 omis
961 4137 989 4204 ·(s
1007 4137 1089 4202 eras.)
1186 4135 1220 4189 14
1244 4138 1345 4188 edificia

220 4224 254 4276 22
272 4241 318 4276 nec
336 4243 384 4290 ego
402 4223 460 4277 ΕΜ
481 4242 513 4276 ne
531 4242 579 4289 ego
674 4225 708 4277 26
733 4225 841 4291 pualeuit
931 4225 965 4278 27
989 4241 1091 4290 querens
1191 4223 1224 4279 28
1249 4225 1296 4294 [in]
1314 4242 1365 4292 quo
1384 4224 1411 4279 Ε
1416 4228 1439 4276 ⁴:

220 4317 294 4381 inquo
402 4313 436 4370 30
461 4317 554 4366 ciuitati
578 4313 742 4369 deteriores:
769 4316 873 4367 ciuitatis
980 4315 1087 4366 honores
1104 4319 1171 4382 petat
1190 4329 1261 4368 unus
1279 4313 1441 4384 deterrime

220 4418 307 4458 corn:
327 4405 517 4470 honorespectat
984 4397 987 4400 ⁴
