3060 5078
577 942 607 1008 u
630 942 774 1008 luuiu
806 940 973 1007 sunium

369 1090 813 1186 DIALOGORVM
851 1089 1049 1184 LIBER
1088 1089 1174 1185 ΠΙ.

648 1301 699 1350 AD
718 1301 894 1351 NOVATVM

696 1445 751 1501 DE
781 1445 850 1502 IRA

667 1595 874 1634 arcear.
1101 1640 1103 1643 Ι
1176 1613 1191 1639 ,

191 1863 197 1874 ·
246 1853 268 1913 I.
320 1820 467 1932 Exegisti
499 1872 518 1912 a
548 1871 616 1925 me,
654 1852 797 1925 Nouate,
837 1859 872 1911 ut
910 1851 1080 1911 scriberem
1111 1829 1389 1930 quemadmodum

158 1967 269 2040 posset
291 1959 336 2018 ira
358 1957 453 2031 leniri,
477 1979 536 2019 nec
551 1959 697 2020 inmerito
713 1957 788 2018 mihi
805 1957 919 2018 uideris
942 1957 1027 2018 hunc
1042 1957 1209 2040 praecipue
1224 1955 1391 2017 adfectum

157 2064 354 2146 pertimuisse
378 2065 518 2124 maxime
543 2084 585 2125 ex
605 2064 752 2125 omnibus
775 2073 912 2125 taetrum
929 2083 966 2125 ac
981 2064 1136 2146 rabidum.
1167 2062 1279 2124 ceteris
1303 2064 1395 2124 enim

158 2170 275 2250 aliquid
297 2170 393 2250 quieti
419 2169 602 2251 placidique
634 2171 729 2244 inest,
762 2170 812 2231 hic
842 2179 930 2231 totus
962 2171 1144 2231 concitatus
1168 2178 1200 2230 et
1223 2169 1254 2229 in
1278 2170 1389 2250 inpetu

116 2299 129 2337 a
157 2275 277 2338 doloris
293 2284 349 2350 est,
371 2295 531 2337 armorum
556 2278 714 2356 sanguinis
738 2275 960 2358 suppliciorum
982 2277 1111 2336 minime
1126 2273 1265 2336 humana
1280 2276 1390 2338 furens

158 2383 339 2463 cupiditate,
363 2382 439 2442 dum
461 2381 549 2443 alteri
569 2391 684 2444 noceat
700 2384 753 2444 ‘sui
777 2383 958 2462 neglegens,
981 2383 1012 2442 in
1036 2383 1103 2464 ipsa
1118 2383 1242 2443 inruens
1266 2381 1333 2443 tela
1356 2391 1385 2443 et

157 2486 281 2557 ultionis
305 2507 413 2549 secum
437 2487 572 2550 ultorem
593 2498 750 2550 tracturae
766 2489 884 2550 auidus.
928 2489 1057 2568 quidam
1086 2489 1191 2568 itaque
1220 2509 1238 2549 e
1261 2489 1411 2569 sapien-2

156 2594 335 2656 tibus'uiris
358 2595 435 2656 iram
464 2596 614 2656 dixerunt
641 2595 773 2656 breuem
797 2595 956 2656 insaniam.
1003 2614 1103 2674 aeque
1131 2595 1214 2655 enim
1237 2594 1384 2676 inpotens

145 2701 203 2762 sui
227 2710 284 2775 est,
308 2701 430 2762 decoris
462 2699 576 2775 oblita,
609 2700 874 2762 necessitudinum
907 2701 1079 2776 inmemor,
1109 2702 1139 2762 in
1167 2701 1255 2781 quod
1280 2702 1385 2783 coepit

117 2828 142 2866 ιο
157 2807 304 2888 pertinax
335 2817 366 2869 et
397 2807 532 2881 intenta,
564 2807 676 2868 ratloni
716 2805 912 2887 consiliisque
939 2807 1117 2888 praeclusa,
1149 2807 1235 2868 uanis
1267 2808 1385 2888 agitata

49 2898 53 2905 ’
156 2914 273 2987 causis„
288 2913 330 2974 ad
354 2913 531 2994 dispectum
555 2914 645 2993 aequi
669 2914 796 2993 uerique
818 2911 969 2987 inhabilis,
1001 2913 1094 2975 ruinis
1116 2895 1281 2990 simillima,
1304 2935 1385 2995 quae

155 3040 249 3102 super
279 3018 309 3079 id
341 3020 429 3099 quod
457 3039 643 3102 oppressere
673 3018 885 3098 franguntur.·
916 3028 950 3080 ut
981 3020 1060 3080 scias
1091 3028 1198 3081 autem
1225 3040 1291 3081 non
1317 3024 1417 3082 esset

154 3146 249 3187 sanos
272 3145 352 3205 quos
375 3126 420 3185 ira
442 3126 601 3206 possedit,
632 3125 735 3207 ipsum
761 3109 886 3186 ¹illorum
910 3124 1054 3187 habitum
1077 3126 1205 3187 intuere.
1252 3146 1329 3188 nam
1353 3135 1387 3187 ut

155 3231 323 3292 furentium
337 3241 423 3292 certa
438 3232 550 3292 indicia
562 3241 635 3292 sunt
651 3230 757 3292 audax
774 3235 804 3295 et
820 3232 928 3292 minax
944 3230 1056 3306 uoltu5‚
1072 3232 1166 3293 tristis
1182 3231 1277 3308 frons,
1293 3241 1388 3295 torua

115 3358 141 3398 u
156 3337 258 3413 facieS,
298 3338 411 3399 citatus
443 3337 567 3417 gradus,
598 3337 754 3418 inquietae
785 3358 911 3412 manus,
944 3337 1031 3399 color
1062 3358 1178 3412 uersus,
1210 3337 1324 3400 crebra
1354 3349 1388 3400 et

156 3443 374 3505 uehementius
413 3453 484 3504 acta
522 3443 660 3526 suspiria,
698 3444 742 3504 ita
779 3444 977 3505 irascentium
1017 3441 1130 3505 eader'n
1169 3445 1260 3524 signa
1290 3455 1384 3506 sunt:

155 3549 289 3630 flagrant
320 3571 357 3612 ac
384 3551 500 3612 micant
523 3549 613 3625 oculi,
648 3555 764 3612 multus
796 3571 851 3611 ore
874 3558 945 3611 toto
977 3550 1075 3616 rubor
1103 3558 1314 3612 exaestuante
1344 3551 1421 3612 abt

154 3657 224 3717 imis
246 3657 438 3739 praecordiis
461 3657 629 3737 sanguine,
661 3656 750 3717 labra
778 3658 970 3736 quatiuntur,
1001 3657 1113 3718 dentes
1137 3657 1387 3738 conprimuntur,

154 3762 284 3825 horrent
307 3784 344 3825 ac
367 3764 569 3844 subriguntur
592 3762 702 3844 capilli,
726 3763 850 3843 spiritus
874 3771 1002 3824 coactus
1033 3783 1071 3824 ac
1094 3764 1238 3838 stridens
1270 3763 1387 3825 articu-

235 3956 370 4008 2imerito
452 3958 566 4005 affectum
648 3957 771 4007 Btetrum
853 3955 1037 4006 5d010r1s⁴aet
1055 3953 1115 4008 cod.
1136 3964 1171 4006 est
1189 3957 1283 4005 doloris
1303 3956 1390 4026 uulqo

243 4044 258 4098 6
277 4047 369 4096 irruens
461 4044 477 4096 7
496 4045 600 4093 ultorem
620 4037 741 4093 tracturae
754 4039 915 4096 Pincianus:
937 4044 1013 4093 multa
1031 4045 1068 4093 ira
1086 4050 1198 4096 tractum
1218 4043 1248 4111 (ᾗ
1267 4044 1296 4096 t'n
1316 4048 1388 4113 ras.)

58 4202 60 4206 Ι
242 4134 307 4200 8eq'
391 4134 494 4197 {lcepit
579 4133 610 4183 11
631 4133 766 4197 dispectum
787 4130 949 4185 deteriores:
971 4133 1089 4197 despectu
1169 4132 1202 4184 14
1221 4139 1274 4183 sunt
1295 4133 1388 4202 audax]

152 4228 228 4275 recta
253 4223 435 4292 interpunctio
462 4219 638 4290 (culpabatur
656 4219 726 4273 euim
750 4225 817 4282 sunt,
842 4222 933 4286 audax)
954 4237 971 4273 a
993 4219 1102 4274 Gerraio
1121 4225 1252 4274 reuocata
1270 4221 1328 4274 iam
1346 4222 1389 4275 iu-

152 4311 261 4364 uenitttr
279 4310 307 4363 iu
327 4310 369 4364 ed.
393 4309 458 4363 Vett.
473 4308 519 4363 att.
605 4304 660 4358 uult'
746 4308 778 4359 17
797 4317 953 4359 exaestuante
973 4308 1011 4360 B:
1033 4317 1057 4358 et
1075 4316 1184 4359 estuante
1270 4309 1305 4363 18
1323 4313 1389 4375 ymis

261 4399 293 4450 19
312 4394 439 4462 surrigunt'
563 4396 566 4400 “
