3046 5092
409 296 412 302 ’
459 324 630 367 rasnsfflo
645 324 794 368 10unuu1s
809 326 951 371 vsuuaur.
1286 326 1319 370 tx

117 493 214 557 quaque
234 473 408 554 probatum
434 508 472 516 -
498 470 573 533 nihil
596 481 645 535 est
668 474 755 552 quod
778 470 872 533 valde
894 471 1027 553 placeat.
1073 472 1116 534 Et
1132 481 1180 536 est
1196 471 1247 534 illa
1262 493 1317 553 ge-

117 588 201 652 neniis
228 591 400 662 sententia,
440 609 504 668 qua
533 608 591 669 per
625 588 725 650 simile
755 609 775 649 a
804 587 963 668 palpando
992 590 1122 650 ductum
1154 590 1200 650 vis
1228 587 1315 650 blan-

117 705 197 767 diendi
223 703 400 785 explicatur
422 705 581 777 universe,
612 702 753 784 palpanti
775 711 882 764 autem
906 724 1005 785 equus
1028 724 1132 785 neque
1154 723 1246 786 asper
1269 713 1318 765 est

117 841 193 901 neque
221 838 297 880 vero
328 820 451 880 territus
482 828 537 881 aut
564 817 797 880 formidolosus.
843 818 926 879 Rem
949 819 1017 902 ipse
1040 817 1172 880 illustrat
1194 817 1318 881 Seneca

118 955 169 996 cum
194 933 297 996 scribit
329 935 370 994 de
401 932 491 998 clem.
520 939 544 1008 1,
572 936 619 1006 16,
644 937 662 994 4
696 936 779 1010 atqui
808 952 911 1010 equum
933 949 1003 996 non·
1017 937 1128 995 crebris
1151 936 1318 996 0611611111

118 1058 216 1111 enaret
238 1053 380 1111 domandi
399 1053 514 1125 pem'tus
536 1053 695 1122 mapister3
716 1056 769 1121 pet
793 1053 867 1109 calm
880 1053 1091 1124 formidolosus
1107 1060 1133 1110 et
1149 1060 1317 1122 contumax,

117 1168 157 1224 nisi
178 1181 232 1225 eum
263 1166 433 1226 blandiente
462 1173 544 1225 tactu
570 1167 768 1240 permulserls.
816 1161 906 1226 conf.
938 1163 1038 1226 Plauti
1067 1163 1227 1244 Amphitr.
1252 1166 1315 1226 522

118 1283 216 1341 timidam
234 1285 332 1357 palm>
349 1282 486 1355 percutit.

183 1393 233 1455 Ad
256 1392 436 1456 Gallionem
460 1394 502 1455 de
525 1394 590 1454 vita
613 1393 708 1455 beata
731 1413 757 1454 c.
782 1394 823 1454 20
847 1413 877 1474 p.
905 1396 980 1468 173,
1005 1397 1024 1455 4
1057 1398 1119 1457 Sea
1148 1399 1172 1455 si
1202 1399 1247 1456 air
1278 1414 1317 1469 es,

117 1515 210 1585 aspice,
234 1488 350 1571 etiamsi
365 1513 508 1582 decidunt,
532 1528 644 1586 mapna
659 1517 808 1571 canantes.
832 1527 980 1585 peneresa
996 1529 1044 1571 res
1060 1520 1102 1570 est
1117 1514 1318 1587 respicientem

117 1641 160 1684 um
177 1629 212 1686 aa
230 1643 311 1705 suas
334 1629 389 1686 sea
411 1629 453 1685 aa
473 1634 602 1686 naturae
625 1641 699 1686 suae
718 1628 795 1685 uires
810 1630 923 1696 6011011,
948 1630 1009 1686 alta
1026 1636 1167 1701 temptare
1183 1634 1212 1687 61
1226 1635 1318 1686 mente

118 1742 203 1800 maiora
231 1744 403 1819 concipere,
435 1759 523 1817 quam
554 1759 631 1817 quae
662 1744 747 1802 etlam
779 1745 890 1816 inpentt
920 1744 1018 1800 animo
1050 1744 1206 1802 adornatis
1238 1743 1338 1815 61161.

118 1865 211 1929 penum.
271 1855 366 1916 Hanc
396 1855 679 1934 interpunctionem
710 1861 831 1930 conari,
870 1860 934 1917 alta
964 1863 1108 1932 temptare
1138 1876 1157 1916 a
1189 1855 1317 1917 Gertzio

120 1973 220 2052 sumpsit
236 1971 399 2053 Kochius;
426 1971 615 2052 vulgabatur
637 1976 743 2034 canarl
759 1977 830 2046 alta,
854 1982 1004 2048 temptare.
1051 1969 1157 2032 Fallor
1172 1979 1227 2031 aut
1243 1990 1317 2031 neu·
1422 1963 1430 1973 “

118 2091 179 2146 trum
204 2086 301 2150 voluit
325 2085 462 2160 Seneca,
494 2089 552 2148 sed
580 2087 659 2148 haec
681 2088 712 2148 in
736 2107 830 2148 unam
854 2086 1036 2147 coalescunt
1058 2087 1247 2147 sententiam
1270 2106 1319 2148 re-

117 2204 252 2274 spicientem
275 2223 338 2265 nan
361 2207 405 2264 aa
424 2221 497 2263 suas
512 2207 568 2264 sed
582 2207 625 2264 aa
638 2211 768 2264 naturae
783 2221 857 2263 suae
873 2206 950 2263 uires
966 2207 1073 2264 canam
1088 2207 1152 2263 alta
1167 2209 1319 2278 temptare,

117 2319 260 2378 secundum
300 2316 376 2379 illud
407 2319 531 2379 dicendi
562 2337 662 2396 genus
692 2319 780 2398 quod
811 2319 842 2377 in
873 2317 952 2398 disp.
984 2318 1025 2379 de
1056 2315 1158 2377 Taciti
1189 2315 1318 2395 dialogo

118 2423 281 2506 (Comment.
309 2434 340 2494 in
362 2432 446 2509 hon.¹
461 2432 520 2493 Th.
544 2432 736 2494 Mommseni
759 2453 789 2513 p.
814 2432 891 2515 665)
916 2431 1071 2512 exemplis
1101 2430 1255 2511 pluribus,
1286 2432 1317 2491 in

117 2544 203 2622 quibus
223 2547 364 2611 Senecae
395 2568 474 2621 unu,
505 2546 644 2609 stabilire
674 2548 787 2609 studui.
834 2548 964 2609 Nedum
995 2555 1029 2608 ut
1053 2547 1187 2609 alterum
1210 2555 1316 2607 utrum

117 2671 295 2738 cognatorum
334 2663 505 2725 verborum
546 2661 641 2725 deleri
672 2662 803 2724 debeat:
838 2683 972 2744 quorum
1003 2662 1138 2724 Haasius
1173 2670 1317 2739 temptare

117 2777 228 2860 notavit3
253 2779 312 2839 sed
335 2786 420 2839 certe
443 2786 548 2839 utrum
573 2776 652 2838 falso
676 2778 869 2857 adscriptum
893 2785 985 2858 putes
1008 2796 1104 2856 aegre
1129 2775 1266 2838 definias

183 2891 232 2954 Ad
254 2892 409 2956 Serenum
433 2893 475 2954 de
505 2892 727 2974 tranquillitate
758 2892 853 2953 animi
876 2913 902 2954 c.
930 2892 978 2967 12,
1002 2912 1032 2972 p.
1058 2893 1131 2966 213,
1161 2895 1170 2952 1
1206 2895 1316 2953 masci-

116 3015 173 3062 nup
192 3009 225 3070 ab
246 3013 291 3070 ln's
315 3012 377 3088 ait,
399 3026 437 3068 ne
460 3017 513 3068 ant
534 3013 563 3068 ln
586 3011 779 3085 supervacnis
801 3018 853 3068 aut
876 3026 914 3069 en
936 3025 1121 3084 supemacuo
1142 3009 1316 3080 laboremus,

115 3115 351 3201 tantaequae
374 3135 426 3187 aut
448 3144 508 3185 nan
527 3143 682 3201 possumus
706 3127 845 3200 consequi
867 3127 1117 3199 concupiscamus,
1142 3132 1194 3183 aut
1217 3127 1317 3209 admei

115 3237 243 3300 vamtatem
273 3244 473 3318 cupiditatium
496 3248 668 3301 nostrarum
691 3258 759 3301 sero
778 3243 986 3317 postmultum
1008 3243 1144 3300 sudorem
1168 3242 1316 3315 inlellepe-

115 3360 178 3411 mn:
204 3359 233 3416 la
261 3365 364 3417 estne
387 3367 438 3416 aut
461 3355 546 3418 labar
570 3357 695 3432 [inritas]
720 3361 758 3416 sit
780 3360 842 3417 sine
865 3360 972 3431 effectu
995 3364 1047 3417 ant
1070 3360 1191 3431 effectus
1214 3357 1317 3417 labore

114 3458 232 3538 ilulianus.
276 3469 421 3532 Kochius
451 3474 556 3530 inritus
586 3470 743 3530 uncinavit
774 3489 846 3530 cum
870 3469 1049 3549 Madvigi0,
1081 3469 1224 3532 Gertzius
1252 3490 1316 3531 non

114 3571 166 3636 sine
184 3586 297 3646 ratione
320 3585 402 3646 hanc
424 3585 545 3646 ‘miram
569 3585 839 3665 interpretamenti
863 3582 1008 3646 formam'
1025 3585 1193 3648 arbitratus
1209 3587 1315 3667 potius

113 3690 168 3752 sine·
182 3704 279 3776 effectu
302 3720 372 3762 esse
396 3699 533 3762 delenda
556 3701 694 3780 censuit3
728 3702 776 3760 cui
798 3719 903 3761 rursus
925 3699 1068 3762 Kochius
1090 3700 1214 3775 obiecit,
1237 3701 1316 3762 haec

114 3801 181 3871 demi
205 3826 312 3878 vetare
342 3816 375 3877 id
406 3817 494 3895 quod
525 3816 739 3896 insequeretur
762 3820 900 3891 effectus,
931 3835 971 3876 ne
994 3815 1025 3876 id
1048 3816 1177 3895 quidem
1201 3817 1315 3877 iniuria.

113 3914 156 3980 Ac
183 3928 309 3994 fortasse
341 3934 400 3993 erit
429 3933 483 4012 qui
512 3939 657 3992 neutrum
689 3929 757 3993 tolli
787 3932 844 3993 sed
875 3930 973 3992 ambo
1005 3929 1158 4013 copulari
1174 3933 1315 4007 suadeat,

112 4033 192 4104 imm
219 4058 244 4109 61
265 4052 330 4109 sine
349 4052 477 4123 effectu,
508 4046 594 4128 quod
618 4054 703 4106 certe
726 4043 811 4112 haud
836 4046 973 4107 deterius
997 4056 1045 4109 est
1069 4047 1192 4107 dicendi
1216 4065 1315 4125 genus

113 4166 188 4226 quam
201 4182 263 4244 quo
280 4161 392 4224 Cicero
408 4163 530 4244 scripsit
543 4168 670 4240 ipnaaus
686 4173 714 4224 et
727 4167 790 4223 stne
806 4166 902 4224 animo
917 4166 997 4222 miles
1013 4161 1065 4237 (ad
1083 4160 1153 4223 Att.
1174 4167 1200 4235 1,
1220 4163 1267 4234 18,
1283 4161 1314 4238 5)

113 4271 237 4339 etmulti
268 4277 419 4343 similiter.
465 4278 514 4340 At
544 4298 620 4340 vero
652 4276 726 4338 nihil
748 4285 803 4338 aut
826 4277 1010 4338 addendum
1034 4286 1087 4337 aut
1111 4277 1314 4338 recidendum

114 4391 158 4446 esi
194 4393 273 4455 Nam
313 4393 389 4455 illud
420 4394 572 4476 quidquid
604 4402 653 4455 est
683 4393 873 4454 abundantis
911 4392 1077 4466 orationiS,
1114 4395 1217 4453 irritus
1253 4396 1316 4467 sine
