3046 5092
118 336 213 376 XXXIV
522 337 562 377 DE
577 337 690 379 CODlCE
703 337 943 382 MEDIOLANENSI.

118 492 286 545 tractarem
318 484 447 563 egregia
477 503 588 544 eorum
619 482 671 563 qui
703 483 795 544 rebus
818 481 1013 545 scholasticis
1036 486 1152 546 nostris
1176 494 1208 546 et
1233 484 1342 546 biblio-

119 588 229 650 thecae
260 589 364 668 regiae
395 598 544 669 praesunt
574 588 743 650 liberalitas
774 589 928 650 concessit
958 609 1061 669 neque
1089 589 1171 650 hanc
1194 600 1343 653 retracta-

118 699 237 756 tionem
262 715 390 774 prorsus
413 678 553 756 inutilem
576 693 669 756 fuisse
694 696 937 757 commentarius
961 695 1098 757 docebit.
1144 695 1211 758 Sed
1237 707 1271 757 ut
1294 695 1344 759 hic

116 821 244 883 quoque
275 801 376 861 moles
399 799 598 862 Fickertiana
627 801 873 875 deminueretur,
903 809 1029 883 praeter
1060 801 1270 864 Berolinensis
1301 802 1342 864 le-

116 909 238 969 ctiones
269 907 344 967 satis
374 905 469 968 habui
497 908 642 968 codicum
667 907 754 969 Det
781 907 810 968 E
833 911 1019 970 uarietatem
1043 907 1240 983 adscribere,
1272 929 1342 970 cum

117 1023 286 1094 utrumque
309 1012 452 1074 codicem
474 1033 533 1093 pro
549 1012 701 1094 temporis
718 1012 872 1087 breuitate
889 1013 1060 1077 Mediolani
1076 1015 1343 1094 recognouissem.

118 1121 278 1182 Pertinent
307 1127 414 1179 autem
438 1117 469 1181 hi
504 1119 630 1180 codices
660 1120 852 1182 bibliotheca
883 1120 1098 1183 Ambrosiana
1128 1122 1185 1201 ipsi
1215 1142 1344 1202 quoque

117 1226 274 1288 adseruati
296 1225 376 1286 alter
398 1226 439 1287 ad
463 1245 542 1286 saec.
568 1225 803 1306 XIV.,partem
834 1228 988 1308 priorem,
1019 1227 1099 1290 alter
1128 1229 1170 1289 ad
1201 1229 1342 1291 eiusdem

116 1331 230 1394 saeculi
261 1341 385 1413 partem
415 1334 632 1412 posteriorem.
693 1332 843 1412 Superior
881 1333 931 1394 ille
963 1335 993 1395 D
1025 1344 1073 1397 est
1113 1333 1251 1396 formae'
1267 1357 1341 1416 qua·

118 1441 228 1501 dratae
252 1439 380 1500 minoris
403 1447 435 1499 et
459 1440 600 1500 continet
620 1434 763 1501 ‘Seneca
787 1441 827 1501 de
850 1440 1063 1520 prouidentia,
1087 1443 1128 1504 de
1152 1439 1250 1504 beata
1272 1443 1343 1516 uita,

118 1548 158 1607 de
189 1544 428 1625 tranquillitate,
460 1546 501 1605 de
531 1544 687 1607 breuitate
717 1547 817 1621 uitae,
852 1546 894 1607 de
923 1548 982 1620 ira,
1014 1549 1055 1609 de
1087 1547 1264 1623 beneficiis,
1304 1550 1343 1611 de

117 1653 291 1726 clementia,
315 1652 355 1712 de
372 1651 521 1725 moribuS,
547 1653 587 1712 de
602 1661 796 1732 paupertate,
821 1655 862 1714 de
885 1655 1030 1715 remediis
1046 1653 1262 1730 fortuitorum,
1287 1676 1342 1717 ex-

117 1771 225 1839 cerpta
249 1779 290 1819 ex
319 1760 506 1838 tragoediis,
529 1757 697 1838 prouerbia
720 1757 876 1832 Senecae,
901 1761 942 1820 de
965 1755 1149 1822 uirtutibus?
1198 1761 1294 1822 Alter
1316 1762 1343 1823 E

26 1883 32 1895 “
118 1876 166 1929 est
189 1865 311 1927 formae
334 1864 397 1926 folii
421 1865 556 1927 maioris.
602 1865 710 1926 Insunt
733 1866 893 1946 epistulae,
918 1868 959 1927 de
983 1866 1157 1942 clementia,
1181 1869 1221 1928 de
1246 1867 1342 1929 bene-

117 1973 208 2045 ficiis,
241 1974 282 2033 de
310 1973 523 2053 prouidentia,
555 1972 595 2033 de
618 1971 714 2033 beata
737 1973 816 2046 uita,
849 1974 889 2034 de
913 1973 1134 2053 tranquillitate
1157 1975 1344 2058 animorum,

42 2105 46 2113 ·
117 2081 158 2141 de
180 2079 337 2140 breuitate
360 2081 455 2152 uitae,
480 2080 521 2139 de
537 2079 589 2153 ira¹
614 2080 655 2140 de
677 2078 908 2153 consolatione,
932 2081 973 2163 de
995 2088 1145 2160 quattuor
1168 2080 1344 2157 uirtutibus,

118 2188 158 2247 de
182 2186 329 2246 remediis
353 2185 570 2259 fortuitorum,
603 2188 644 2246 de
668 2184 883 2247 consolatione
907 2187 949 2247 ad
972 2186 1135 2261 Heluiam,
1167 2187 1341 2269 prouerbia.

105 2291 310 2354 -Berolinensi
334 2293 472 2371 superari
496 2300 664 2372 utrumque
687 2301 820 2365 constat,
845 2301 915 2354 uter
939 2301 1042 2353 utrum
1059 2302 1194 2372 superet,
1219 2294 1343 2356 difficile

118 2399 212 2472 dictu,
236 2397 293 2458 nisi
316 2399 404 2477 quod
428 2397 455 2457 E
480 2398 580 2477 magis
604 2418 734 2478 operam
759 2399 972 2473 amanuensis,
1003 2399 1034 2459 D
1059 2418 1187 2461 manum
1212 2401 1342 2463 doctam

117 2513 340 2584 repraesentat.
388 2504 476 2584 Ipsas
499 2503 649 2566 lectiones
677 2524 749 2565 curn
773 2505 841 2567 Itali
864 2507 939 2567 satis
962 2516 1106 2568 accurate
1129 2507 1343 2581 iudicauerint,

117 2621 224 2673 tamen
247 2609 297 2672 uel
327 2610 369 2671 illi
397 2610 446 2670 u‘el
474 2612 562 2691 quod
592 2609 786 2691 probabilius
818 2622 865 2673 est
904 2613 1028 2674 Fickert
1058 2611 1183 2692 reliquis
1214 2613 1344 2694 piaculis

116 2738 198 2798 quae
230 2720 455 2778 commiserunt
494 2737 533 2777 ne
564 2716 626 2778 hoc
656 2738 775 2778 nouum
806 2719 935 2797 quidem
967 2720 1086 2780 addere
1109 2718 1342 2781 dubitauerunt

118 2823 199 2885 Cum
223 2825 306 2885 enim
330 2824 458 2885 Fickert
481 2825 594 2889 eadem
618 2823 843 2904 significatione
866 2844 929 2905 qua
954 2826 1020 2907 ipse
1036 2833 1131 2886 antea
1145 2845 1220 2886 usus
1236 2827 1341 2888 rectis-

117 2932 196 2992 sime
219 2940 251 2991 et
274 2931 315 2992 ad
340 2951 449 2991 uerum
474 2931 600 2992 codices
628 2930 852 3010 descripsisset,
875 2932 904 2991 in
929 2929 1135 2993 adnotatione
1156 2951 1270 2992 omnes
1291 2952 1342 2993 co·

117 3038 192 3100 dicis
216 3037 244 3098 E
267 3037 418 3098 lectiones
442 3038 570 3099 nomine
593 3037 637 3110 D,
662 3056 773 3097 omnes
797 3056 877 3116 quae
901 3038 940 3097 ad
966 3037 995 3097 D
1016 3038 1189 3118 pertinent,
1214 3039 1343 3100 nomine

118 3144 147 3206 E
170 3143 332 3224 significat.
380 3144 469 3220 Haec
492 3142 659 3205 transferre
683 3142 794 3204 editori
817 3143 1024 3224 appendicula
1047 3153 1114 3209 erat
1136 3144 1274 3222 laboris3
1300 3145 1341 3207 le-

118 3251 266 3331 gentibus
295 3259 332 3334 ut
362 3249 392 3310 in
420 3257 566 3310 extremo
595 3247 684 3310 huius
708 3252 984 3312 commentationis
1007 3250 1093 3331 quod
1118 3250 1249 3312 offertur
1272 3253 1343 3313 ridi-

118 3356 218 3418 culum
249 3364 375 3435 gratum
406 3363 535 3416 moueat
567 3357 661 3416 risum
692 3366 725 3418 et
755 3376 815 3436 pro
846 3356 933 3417 bono
964 3356 1070 3418 omine
1100 3357 1270 3436 accipiatur
1302 3360 1343 3418 ad

118 3463 222 3543 ipsum
247 3482 327 3543 opus
350 3463 558 3535 tractandum,
582 3461 676 3522 etiam
701 3471 797 3542 atque
820 3463 911 3523 etiam
935 3470 1022 3543 opto
