3046 5092
155 336 174 394 6
366 328 444 370 DIAL,
462 327 480 370 l.
500 327 601 377 QVARE
620 326 731 377 ALlQVA
750 325 939 368 lNCOMMODA
957 327 1046 368 BONIS
1066 327 1146 370 VIRIS

153 485 185 538 et
217 475 423 536 rectissimum
454 474 649 555 adgreditur,
688 475 837 535 aduersus
868 495 963 554 quem
1003 474 1065 536 uim
1101 494 1191 554 suam
1226 475 1359 538 intenda

153 584 259 662 ignem
290 582 450 662 experitur
480 582 509 641 in
544 581 664 655 Muci0‚
696 589 914 662 paupertatem
946 583 975 642 in
1004 581 1164 657 Fabricio,
1196 582 1328 644 exilium
1352 584 1359 643 i

154 688 287 762 Rutili0,
318 696 478 749 tormenta
513 690 542 749 in
574 688 712 768 Regulo,
751 708 907 749 uenenum
939 689 969 748 in
1000 687 1147 763 Socrate,
1179 697 1319 750 mortem
1352 690 1359 749 i

156 795 285 857 Catone.
322 807 473 875 magnum
497 794 680 875 exemplum
704 795 759 855 nisi
784 794 867 854 mala
890 794 1014 856 fortuna
1037 815 1101 855 non
1116 796 1241 857 inuenit.
1274 794 1359 857 infeli

128 910 203 964 sest
223 901 353 974 Mucius,
377 903 463 982 quod
489 903 603 962 dextra
626 890 714 981 ignes
737 901 875 962 hostium
899 903 1013 981 premit
1037 903 1158 982 etipse
1181 923 1258 972 ase
1282 904 1359 983 exig

68 1038 70 1044 ·
155 1009 266 1069 erroris
290 1008 336 1068 sui
359 1011 498 1088 poenas?
546 1009 633 1088 quod
657 1027 774 1086 regem,
798 998 893 1088 quem
918 1017 1039 1069 armata
1062 1029 1157 1069 manu
1181 1028 1245 1069 non
1269 1011 1359 1090 potui

155 1123 269 1177 exusta
292 1114 400 1195 sugat?
433 1115 509 1194 quid
532 1117 630 1193 ergo?
669 1113 785 1174 felicior
809 1122 899 1188 esset,
923 1115 948 1175 si
971 1116 1001 1175 in
1024 1115 1092 1175 sinu
1116 1116 1235 1176 amicae
1259 1114 1359 1177 foueri

156 1225 301 1282 manum?
337 1220 443 1282 infelix
460 1229 508 1281 est
524 1220 693 1293 Fabricius
717 1222 804 1300 quod
825 1241 876 1282 rus
892 1241 992 1293 suum,
1016 1230 1168 1301 quantum
1185 1243 1204 1282 a
1220 1222 1359 1302 republic

156 1327 295 1402 uacauit,
319 1327 419 1389 fodit?
465 1326 552 1408 quod
576 1326 693 1387 bellum
717 1335 783 1387 tam
807 1346 879 1389 cum
904 1327 1026 1407 Pyrrho
1050 1349 1146 1408 quam
1171 1349 1243 1390 cum
1269 1330 1358 1391 diuiti

118 1450 141 1489 10
156 1434 258 1513 gerit?
301 1436 389 1514 quod
413 1435 454 1494 ad
477 1434 583 1494 focum
608 1441 699 1494 cenat
722 1432 802 1525 illast
810 1434 893 1515 ipsas
917 1436 1037 1496 radices
1054 1445 1085 1496 et
1101 1434 1224 1509 herbaS,
1248 1456 1330 1515 quas
1354 1436 1359 1496 i

156 1540 357 1620 repurgando
392 1560 470 1620 agro
502 1539 696 1620 triumphalis
727 1560 826 1602 senex
858 1539 971 1603 uulsit?
1015 1542 1091 1621 quid
1122 1545 1219 1622 ergo?
1264 1541 1359 1604 felici<

156 1656 251 1721 esset,
282 1647 307 1708 si
338 1647 368 1707 in
400 1656 543 1708 uentrem
574 1667 665 1708 suum
696 1647 858 1727 longinqui
893 1646 991 1708 litoris
1021 1649 1121 1728 pisces
1153 1657 1184 1709 et
1214 1651 1359 1729 peregrin

156 1754 287 1834 aucupia
310 1756 512 1834 congereret?
545 1753 569 1814 si
592 1753 764 1833 conchyliis
780 1754 883 1834 superi
899 1763 994 1834 atque
1010 1753 1096 1815 inferi
1113 1755 1206 1815 maris
1221 1756 1359 1835 pigritiar

155 1861 311 1923 stomachi
342 1862 510 1922 nausiantis
540 1861 695 1941 erigeret?
742 1861 767 1921 si
790 1860 912 1940 ingenti
937 1881 1107 1941 pomorum
1131 1870 1216 1922 strue
1240 1863 1359 1942 cingerr

120 1992 141 2029 is
156 1969 275 2047 primae
306 1967 427 2029 formae
451 1966 546 2040 feras,
578 1976 687 2048 captas
715 1965 813 2027 multa
836 1969 935 2028 caede
958 1968 1156 2028 uenantium?
1202 1965 1312 2029 infelix
1336 1989 1359 2030 e:

156 2072 304 2147 Rutilius,
343 2075 432 2164 qpod
463 2074 515 2154 qui
549 2072 636 2134 illum
672 2073 901 2134 damnauerunt
941 2093 1067 2135 causam
1098 2074 1203 2135 dicent
1234 2075 1359 2135 omnibi

156 2178 305 2240 saeculis?
349 2181 436 2259 quod
467 2180 614 2259 aequiore
646 2180 752 2240 animo
782 2199 894 2259 passus
913 2187 966 2274 est
987 2200 1022 2241 se
1045 2181 1164 2261 patriae
1188 2182 1263 2261 eripi
1287 2202 1359 2266 quar

156 2284 213 2346 sibi
252 2283 400 2346 exilium?
456 2286 543 2366 quod
581 2282 689 2347 Sullae
726 2285 870 2347 dictatori
904 2283 991 2349 solus
1029 2286 1144 2367 aliquid
1183 2287 1312 2367 negauit
1352 2310 1359 2348 i

156 2400 322 2453 reuocatus
353 2400 475 2453 tantum
500 2412 563 2453 non
587 2400 671 2453 retro
695 2393 787 2454 cessit
811 2401 843 2453 et
866 2393 989 2473 longius
1012 2392 1112 2474 fugit?
1159 2393 1305 2468 uiderint,
1338 2395 1359 2455 ir

116 2523 142 2562 20
156 2499 232 2580 quit,
255 2499 304 2559 isti
326 2518 407 2578 quos
423 2498 548 2559 Romae
572 2497 779 2579 deprehendit
802 2498 930 2561 felicitas
953 2508 1015 2560 tua.
1054 2500 1182 2561 uideant
1204 2499 1329 2580 largum
1354 2502 1359 2561 i

156 2605 226 2668 foro
250 2606 433 2684 sanguinem
458 2613 490 2666 et
512 2625 607 2685 supra
622 2603 828 2668 Seruilianum
852 2605 955 2667 lacum
980 2605 1023 2682 (id
1047 2607 1130 2667 enim
1147 2607 1358 2688 proscription

157 2711 303 2774 Sullanae
334 2711 513 2792 spoliarium
542 2718 601 2786 est)
625 2721 806 2774 senatorum
836 2714 939 2794 capita
962 2721 994 2775 et
1017 2713 1133 2794 passim
1157 2715 1303 2793 uagantis
1327 2735 1359 2796 p<

157 2819 270 2879 urbem
303 2838 524 2899 percussorum
554 2839 668 2899 greges
708 2829 744 2880 et
772 2818 871 2880 multa
902 2814 984 2881 milia
1015 2820 1128 2881 ciuium
1160 2820 1359 2883 Romanorur

157 2945 220 2986 uno
248 2924 320 2986 loco
351 2934 424 3007 post
455 2924 567 3001 fidem,
597 2927 697 2987 immo
720 2947 776 3006 per
799 2909 901 3007 ipsam
925 2926 1022 2989 fidem
1045 2927 1208 2988 trucidata.
1256 2927 1359 2988 uidear

117 3058 142 3097 25
157 3031 216 3093 ista
246 3031 298 3112 qui
329 3030 457 3093 exulare
491 3053 557 3094 non
587 3042 729 3114 possunt.
787 3032 860 3112 quid
892 3037 989 3114 ergo?
1018 3024 1110 3094 'felix
1147 3041 1196 3094 est
1226 3033 1262 3095 L.
1287 3032 1359 3095 Sull

156 3140 243 3220 quod
274 3137 315 3198 illi
347 3137 549 3202 descendenti
580 3140 620 3200 ad
644 3138 746 3201 forum
770 3138 878 3220 gladio
901 3148 1131 3214 summouetur,
1165 3141 1253 3219 quod
1278 3142 1359 3222 capit

157 3244 215 3306 sibi
246 3243 454 3306 consularium
486 3246 624 3307 uirorum
654 3246 771 3326 patitur
802 3244 927 3306 ostendi
959 3254 991 3306 et
1021 3246 1155 3326 pretium
1189 3246 1295 3307 caedis
1325 3267 1359 3328 pc

157 3359 359 3432 quaestorem
383 3371 420 3412 ac
443 3349 566 3413 tabulas
589 3350 729 3432 publicas
752 3354 913 3412 numerat?
943 3361 974 3412 et
997 3352 1076 3413 haec
1099 3352 1205 3414 omnia
1228 3351 1302 3415 facit
1322 3352 1359 3414 ill<

160 3616 335 3680 laggreditur
418 3615 592 3668 3incatonem
678 3616 802 3682 hpremit
886 3621 900 3665 n
921 3635 996 3683 penas
1080 3619 1095 3668 ll
1114 3618 1180 3682 quod
1199 3617 1289 3666 bellum
1310 3634 1344 3670 m.

157 3721 185 3792 in
203 3721 327 3791 margine
392 3723 483 3786 phyrro
555 3721 586 3774 ll)
605 3701 635 3772 ad
650 3723 732 3772 focum
753 3723 824 3793 (pose
837 3741 851 3772 a
866 3739 930 3788 rae,
952 3722 1061 3777 uidetur
1077 3722 1165 3789 sitisse
1179 3724 1297 3789 affocum)

136 3824 191 3899 Ἰ13
211 3843 361 3910 aucupiam
379 3861 466 3915 mara.
486 3861 543 3915 rep.
563 3849 627 3898 Μ
694 3849 820 3912 conchylis
890 3848 920 3899 ll
940 3823 1058 3912 cingeretr
1127 3847 1155 3899 li
1173 3849 1243 3911 sqclis
1316 3867 1359 3913 qu(

234 3933 264 3987 18
277 3935 336 3999 sylle
400 3934 432 3987 19
445 3941 572 3985 reuocatus
588 3941 680 3986 tantum
693 3954 743 3986 non
756 3943 820 3987 retro
833 3939 904 3986 cessit
916 3945 939 3986 et
953 3938 1048 4000 longius
1061 3936 1121 4000 fugit
1136 3934 1233 3989 Gertz:
1255 3945 1359 3988 reuocat*

159 4013 250 4094 fltantu
274 4049 292 4125 n
312 4047 375 4092 retro
398 4014 522 4091 cessit'⁵et
540 4042 636 4106 longius
654 4042 723 4107 fugit,
741 4041 781 4096 ita
799 4048 829 4095 ut
841 4041 935 4111 prima
953 4058 1048 4095 uranus
1067 4041 1170 4095 codicis
1181 4017 1276 4112 'ipsam
1295 4043 1359 4114 serzi

159 4156 248 4201 tetram
267 4164 347 4219 quam
364 4145 444 4202 Gertz
465 4146 551 4201 uoluit
569 4144 698 4201 exhibeat
770 4149 804 4202 20
823 4166 891 4198 rome
957 4151 991 4202 22
1011 4156 1034 4198 et
1052 4142 1197 4214 capitased
1215 4157 1236 4200 et
1257 4149 1309 4203 del.

252 4235 257 4244 ‘
1087 4235 1128 4284 ti,

159 4290 192 4343 ‘dl
213 4249 470 4359 tnihata(cim.pr.‚
490 4293 520 4342 ut
537 4258 655 4354 uidetur)
730 4290 763 4342 25
784 4290 851 4355 Sylla
919 4292 1177 4354 Zlidescendenllad
1238 4293 1271 4344 2²?
1286 4300 1354 4343 osten

159 4443 182 4482 et
201 4440 224 4482 et
244 4432 337 4502 (prem
355 4442 378 4482 et
397 4430 461 4498 del.)
534 4432 568 4484 28
586 4383 659 4481 faciet
682 4489 685 4492 ⁴
