3046 5092
281 363 420 408 mamm.
448 365 490 405 ΑΙ)
505 363 659 406 POLYBIVM
674 364 715 404 DE
730 363 974 406 CONSOLATIONE.
1003 365 1023 406 2.
1038 364 1059 404 3.
1084 371 1099 388 ”
1217 365 1280 427 273

20 511 208 591 quamdiu
239 509 329 595 suerit
360 509 438 573 ullus
466 509 576 573 litteris
605 509 724 585 honor,
757 511 907 591 quamdiu
931 509 1052 572 steterit
1075 515 1129 569 aut
1152 507 1283 569 Latinae

20 616 184 697 linguae
214 619 355 697 potentia
386 626 440 679 aut
464 617 605 680 Graecae
637 620 753 699 gratia,
786 615 905 698 uigebit
936 635 1008 679 cum
1033 614 1180 677 maximis
1203 613 1283 688 uiris,

31 743 195 804 quorum
219 744 254 785 se
277 724 408 805 ingeniis
432 724 480 785 uel
506 724 636 787 contulit
660 723 719 799 uel,
742 725 766 785 si
787 723 848 785 hoc
869 723 1057 801 uerecundia
1072 724 1137 782 eius
1153 728 1284 794 recusat,

35 830 219 911 adplicuit.
268 831 340 911 [aa]
366 829 429 892 hoc
452 852 529 912 ergo
553 851 649 892 unum
674 831 871 912 excogitasti,
896 830 1062 910 quomodo
1084 829 1223 890 maxime
1244 826 1284 887 illi

34 957 170 1017 posses
201 940 322 998 nocere.
370 958 434 1017 quo
467 936 580 1000 melior
614 947 662 1000 est
685 940 769 999 enim
794 938 941 1017 quisque,
972 934 1035 997 hoc
1058 935 1181 1016 saepius
1204 933 1284 995 ferre
1312 956 1324 992 n

37 1053 87 1105 te
128 1045 293 1106 consueuit
331 1044 397 1105 sine
436 1043 498 1105 ullo
530 1043 646 1106 dilectu
677 1042 831 1106 furentem
864 1052 895 1105 et
926 1044 1006 1104 inter
1036 1043 1103 1124 ipsa
1134 1041 1285 1102 beneficia

42 1152 274 1212 metuendam.
320 1150 504 1230 quantulum
529 1160 596 1213 erat
618 1150 674 1213 tibi
691 1152 851 1212 inmunem
868 1149 909 1212 ab
926 1148 986 1211 hac
1002 1148 1109 1210 iniuria
1123 1156 1285 1230 praestare

45 1277 131 1318 eum
165 1256 344 1331 hominem,
376 1259 406 1318 in
438 1277 532 1337 quem
564 1256 730 1319 uidebatur
761 1256 954 1336 indulgentia
976 1265 1031 1318 tua
1055 1256 1176 1316 ratione
1200 1263 1285 1316 certa

47 1363 240 1444 peruenisse
264 1372 295 1423 et
319 1384 383 1424 non
407 1383 449 1424 ex
473 1373 528 1424 tuo
553 1347 651 1425 more'
666 1373 786 1425 temere
810 1364 974 1424 incidisse?

10 1485 14 1533 l
150 1468 201 1529 Ill.
242 1469 441 1544 Adiciamus,
472 1471 497 1531 si
528 1471 588 1544 uia,
621 1471 662 1531 ad
693 1469 750 1530 has
781 1469 934 1550 querellas
958 1469 1052 1550 ipsius
1076 1467 1285 1557 adulescentis
1303 1489 1325 1526 in

53 1576 267 1657 interceptam
299 1576 378 1637 inter
408 1577 508 1656 prima
540 1578 731 1637 incrementa
762 1576 919 1637 indolem:
955 1576 1067 1655 dignus
1102 1574 1156 1635 fuit
1180 1573 1229 1635 ille
1253 1583 1286 1635 te

53 1680 163 1743 fratre.
210 1690 243 1743 tu
267 1691 352 1754 certe
376 1703 444 1743 eras
469 1684 676 1763 dignissimus,
700 1684 752 1763 qui
775 1704 815 1744 ne
839 1703 881 1744 ex
904 1683 1034 1762 indigno
1055 1682 1184 1761 quidem
1200 1681 1284 1760 quic-

58 1809 157 1868 quam
190 1788 314 1849 doleres
345 1788 456 1850 fratret
493 1789 633 1850 redditur
664 1788 704 1850 illi
736 1789 951 1850 testimonium
984 1788 1113 1868 aequale
1145 1789 1284 1848 omnium

10 1893 236 1956 2hominum.
284 1895 479 1956 desideratur
502 1896 531 1955 in
554 1905 643 1957 tuum
669 1895 833 1968 honorem,
857 1895 1001 1956 laudatur
1022 1896 1052 1954 in
1073 1915 1173 1955 suum.
1213 1893 1286 1954 nihil

61 2001 90 2061 in
115 2000 168 2061 illo
191 1999 255 2074 fuit,
279 2001 365 2080 quod
390 2022 453 2062 non
478 2002 610 2063 libenter
626 2003 846 2082 adgnosceres.
877 2010 911 2062 tu
927 2002 1055 2081 quidem
1073 2002 1167 2062 etiam
1185 2001 1286 2061 minus
1304 2021 1326 2059 u

63 2107 149 2168 bono
182 2106 268 2168 fratri
299 2105 408 2168 fuisses
440 2108 559 2182 bonus,
591 2110 647 2169 sed
679 2110 708 2169 in
739 2106 792 2168 illo
820 2110 921 2188 pietas
944 2090 998 2169 tua
1022 2108 1169 2168 idoneam
1193 2114 1288 2167 nacta
1333 2095 1335 2098 ’

64 2213 227 2274 materiam
252 2212 354 2274 multo
377 2233 412 2275 se
435 2213 561 2276 liberius
584 2215 726 2276 exercuit
780 2234 876 2275 nemo
900 2215 1073 2296 potentiam
1099 2206 1163 2273 eius
1179 2213 1288 2273 iniuria

63 2321 175 2393 sensit,
207 2339 380 2398 numquam
412 2320 462 2381 ille
490 2330 522 2382 te
550 2320 677 2382 fratrem
702 2320 752 2381 ulli
777 2322 911 2381 minatus
935 2329 990 2382 est
1038 2322 1078 2381 ad
1103 2299 1286 2400 exemplum

63 2447 97 2487 se
121 2427 299 2488 modestiae
324 2437 395 2488 tuae
419 2426 610 2489 formauerat
634 2427 874 2508 cogitabatque,
906 2435 1057 2506 quantum
1082 2435 1115 2486 tu
1140 2436 1171 2487 et
1195 2447 1285 2487 orna-

33 2541 207 2601 3mentum
231 2542 358 2597 tuorum
383 2555 468 2595 esses
492 2544 524 2597 et
548 2556 644 2595 onus:
666 2535 799 2598 ,suffecit
823 2533 873 2594 ille
896 2533 967 2594 huic
986 2534 1133 2595 sarcinae.
1172 2553 1192 2592 o
1210 2535 1287 2594 dura
1301 2550 1327 2589 20

64 2639 128 2702 sata
152 2650 183 2702 et
206 2642 296 2703 nullis
321 2662 421 2721 aequa
446 2641 628 2702 uirtutibus!
670 2650 839 2720 antequam
864 2639 1041 2701 felicitatem
1065 2659 1153 2701 suam
1179 2648 1288 2700 nosset
1354 2669 1357 2674 ·

64 2747 158 2809 irater
182 2757 266 2823 tuus,
290 2758 458 2829 exemptus
482 2758 538 2809 est.
576 2768 687 2829 parum
711 2757 817 2808 autem
843 2767 894 2806 me
917 2746 1070 2826 indignari
1093 2748 1166 2807 scio.
1213 2745 1287 2807 nihil

65 2863 112 2914 est
136 2856 218 2915 enim
244 2854 394 2916 difficilius
418 2875 512 2934 quam
537 2874 654 2934 magno
671 2844 772 2914 dolori
788 2854 873 2934 paria
889 2854 986 2913 uerba
1002 2854 1138 2934 reperire
1177 2852 1286 2913 etiam-

26 2975 146 3026 4nunc
169 2969 292 3036 tamen,
320 2962 343 3022 si
368 2961 442 3041 quid
466 2960 619 3041 proficere
642 2980 827 3040 possumus,
851 2979 1099 3038 conqueramur:
1134 2959 1208 3038 quid
1231 2958 1296 3034 tibi,

64 3065 205 3139 uoluisti,
237 3076 303 3128 tam
332 3068 443 3128 iniusta
468 3076 500 3129 et
524 3078 589 3129 tam
613 3066 750 3128 uiolenta
773 3065 917 3127 lortuna?
956 3075 1022 3127 tam
1046 3067 1109 3127 cito
1133 3076 1164 3127 te
1189 3063 1286 3126 indul·
1303 3085 1328 3124 25

38 3173 190 3252 ‚gentiae
213 3181 287 3234 tuae
309 3175 481 3259 paenituit?
514 3194 595 3253 quae
618 3175 677 3234 ista
699 3172 867 3234 crudelitas
888 3176 956 3234 est?
988 3174 1017 3232 in
1040 3174 1162 3234 medios
1178 3171 1288 3233 ira-tres
1388 3236 1392 3242 ,

63 3278 206 3360 inpetum
238 3279 340 3341 facere
364 3289 395 3341 et
419 3290 484 3342 tam
509 3289 637 3342 cruenta
661 3279 767 3360 rapina
791 3280 1070 3341 concordissimam
1094 3278 1219 3340 turbam
1244 3280 1286 3338 in-

65 3385 214 3460 minuere,
238 3395 304 3447 tam
328 3387 410 3448 bene
433 3388 581 3466 stipatam
607 3387 806 3466 optimorum
824 3385 1070 3446 adulescentium
1093 3387 1235 3458 domum,
1258 3386 1289 3445 in

64 3564 279 3571 ———.-.

158 3668 227 3719 hest
245 3645 309 3717 enim
321 3667 356 3725 ,Β
374 3670 439 3718 enim
459 3677 493 3717 est
513 3667 566 3721 DE
571 3687 577 3727 ;
605 3666 641 3736 cf.
662 3670 694 3719 22
714 3669 775 3717 nihil
794 3674 829 3718 est
848 3670 912 3718 enim
931 3668 1055 3718 difficilius
1145 3665 1291 3731 quisquisB

158 3758 221 3806 serre
239 3764 263 3807 te
284 3755 308 3808 B
327 3766 349 3807 te
368 3758 430 3807 ferre
449 3755 503 3810 DE
590 3757 605 3810 6
631 3758 720 3807 dilectu
738 3757 760 3810 Β
778 3758 873 3806 delectu
886 3755 940 3810 DE
1028 3756 1043 3808 9
1063 3753 1220 3808 incedisseD

164 3846 196 3896 11
221 3848 344 3911 inceptam
364 3844 389 3898 D
487 3847 521 3899 12
546 3864 577 3896 ue
602 3865 630 3896 ex
654 3848 758 3910 indigno
782 3847 881 3911 quidem
900 3843 1011 3898 Fickert
1035 3863 1066 3894 ne
1090 3861 1118 3894 ex
1137 3846 1214 3908 digno
1237 3845 1290 3909 qui-

65 3936 125 3983 dem
144 3932 198 3987 DE
220 3952 264 3984 nec
283 3952 311 3984 ex
331 3924 408 3999 digno
426 3936 525 3999 quidem
546 3934 572 3988 B
595 3953 640 3985 nec
660 3952 688 3984 ex
707 3936 809 4000 indiguo
827 3936 926 4000 quidem
947 3933 1031 4005 Neap.
1139 3932 1172 3985 13
1193 3934 1290 3982 dolores

64 4018 103 4072 1τὲ
124 4020 148 4074 Β
262 4023 294 4074 lo
320 4023 489 4090 adcqgnoscEs
508 4022 534 4076 Β
608 4076 610 4079 ,
666 4023 699 4075 17
724 4024 800 4073 multo
826 4029 849 4072 te
873 4024 972 4072 liberius
1000 4022 1024 4076 B
1147 4004 1291 4087 iiuriatp'B

157 4111 191 4164 18
216 4114 251 4160 illi
271 4110 324 4165 DE
415 4111 444 4164 19
468 4118 493 4162 tu
512 4119 535 4162 et
554 4111 607 4166 DE
624 4121 647 4162 et
667 4110 693 4164 B
782 4110 817 4164 20
839 4113 918 4161 honus
938 4109 1018 4163 BDE
1103 4113 1200 4160 sarcina
1213 4109 1294 4164 BDE

157 4200 187 4252 21
216 4202 287 4250 nullis
307 4218 368 4266 equa
390 4200 503 4254 Bnullis
522 4204 585 4252 bene
603 4219 665 4266 equa
687 4198 738 4253 DE
744 4220 749 4258 ;
772 4217 807 4252 arr
823 4198 879 4268 fuit
897 4217 975 4265 paene
994 4203 1088 4264 aequal
1191 4197 1225 4251 22
1251 4217 1290 4249 ex·
1355 4219 1358 4225 ·
1390 4264 1393 4270 .

65 4296 137 4355 eptus
157 4287 183 4341 E
270 4289 302 4343 23
326 4293 432 4355 reperire
453 4288 477 4342 B
495 4293 627 4356 rependere
648 4288 702 4343 DE
792 4292 930 4338 etiamnunc
950 4287 1044 4342 Haase
1062 4291 1112 4337 iam
1131 4305 1194 4339 nunc
1215 4286 1294 4341 BDE

158 4377 191 4430 2ῖ)
217 4380 266 4428 cito
285 4385 308 4428 te
327 4380 475 4443 indulgentie
497 4378 588 4432 Bclto
607 4381 756 4443 indulgentie
778 4375 829 4430 DE
933 4377 966 4431 26
992 4378 1094 4443 penituit
1113 4375 1193 4430 BDE

65 4468 199 4518 credulitas
220 4465 244 4518 Β
333 4466 367 4521 28
385 4475 436 4517 tam
455 4469 518 4518 bene
537 4466 563 4520 B
580 4469 680 4518 tandem
702 4463 755 4518 DE
841 4468 1026 4517 adolescentum
1047 4465 1072 4519 B
1156 4520 1159 4525 4

1047 4554 1079 4608 18
