3046 5092
137 392 139 398 Ι
233 341 296 403 230
446 336 524 377 DIAL.
536 336 564 378 X.
593 335 634 375 AD
650 334 803 375 PAVLINVM
820 335 860 375 DE
875 335 1044 376 BREVlTATE
1058 333 1156 377 viras.
1185 338 1204 378 8.
1220 341 1240 380 9.

232 494 341 565 posset
371 481 642 564 quemadmodum
670 481 910 562 praeteritorum
943 501 1096 543 annorum
1128 483 1277 563 cuiusque
1308 504 1459 545 numerus

232 591 374 672 proponi,
399 591 442 651 sic
465 589 659 650 futurorum:
686 589 851 668 quomodo
875 587 932 662 illi,
964 589 1016 668 qui
1040 609 1158 669 paucos
1182 591 1326 668 uiderent
1348 611 1458 671 super-

217 718 310 772 esse,
333 696 535 777 trepidarent,
559 695 726 776 quomodo
751 693 806 755 illis
830 698 1015 774 parcerent?
1052 696 1137 775 atqui
1163 695 1251 757 facile
1274 707 1324 759 est
1347 717 1457 777 quam-

233 805 279 866 uis
311 804 461 883 exiguum
491 795 700 882 dispensares
720 803 806 881 quod
830 810 950 862 certum
975 811 1041 863 est:
1075 802 1106 863 id
1131 802 1227 863 debet
1251 805 1368 865 seruari
1392 802 1457 866 dili-

109 939 111 943 ’
207 911 366 991 agentius,
390 909 476 990 quod
501 908 620 969 nescias
644 908 773 986 quando
798 905 931 969 deficiat.
968 928 1028 968 nec
1050 915 1098 968 est
1121 908 1236 982 tamen,
1260 911 1348 990 quod
1366 919 1458 990 putes
1477 927 1491 978 4

233 1016 307 1078 illos
326 1017 479 1096 ignorare,
503 1034 598 1094 quam
624 1034 695 1075 cara
717 1035 766 1074 res
782 1017 836 1075 sit:
864 1015 968 1075 dicere
984 1014 1089 1076 solent
1105 1015 1157 1089 eis,
1181 1035 1262 1095 quos
1278 1015 1459 1077 ualdissime

233 1122 383 1203 diligunt,
422 1130 550 1202 paratos
588 1142 622 1183 se
658 1130 782 1201 partem
813 1140 967 1182 annorum
999 1141 1127 1182 suorum
1161 1123 1245 1183 dare.
1292 1123 1370 1184 dant
1400 1144 1459 1184 nec

233 1227 436 1309 intellegunt:
471 1230 548 1289 dant
580 1237 686 1289 autem
717 1228 776 1300 ita,
806 1236 840 1287 ut
862 1228 929 1288 sine
952 1225 1075 1289 illorum
1100 1230 1296 1290 incremento
1319 1229 1380 1291 sibi
1403 1230 1457 1291 de-

234 1335 361 1399 trahant
400 1335 457 1395 sed
481 1334 543 1395 hoc
566 1333 676 1414 ipsum,
701 1334 785 1395 unde
807 1334 985 1421 detrahant,
1010 1335 1158 1428 nesciunt.
1191 1335 1263 1397 ideo
1286 1314 1459 1398 tolerabilis

99 1424 112 1442 ⁸
197 1463 219 1502 ru
235 1451 283 1505 est
316 1441 372 1504 illis
403 1442 520 1503 iactura
549 1441 729 1502 detrimenti
751 1438 883 1502 latentis.
930 1462 1025 1502 nemo
1050 1441 1191 1504 restituet
1213 1462 1330 1516 annos,
1362 1460 1498 1512 nemo5

234 1549 346 1650 iterum
378 1556 411 1608 te
438 1548 494 1610 tibi
518 1549 638 1609 reddet.
684 1547 756 1621 ibit,
788 1567 851 1627 qua
874 1548 995 1628 coepit,
1026 1555 1113 1610 aetas
1136 1568 1195 1610 nec
1218 1568 1343 1610 cursum
1368 1570 1457 1612 suum

234 1663 288 1717 aut
312 1653 473 1716 reuocabit
496 1664 550 1716 aut
573 1655 756 1734 supprimet.
802 1652 875 1714 nihil
898 1653 1152 1743 tumultuabitur,
1175 1654 1249 1716 nihil
1272 1655 1459 1718 admonebit

234 1762 407 1824 uelocitatis
438 1780 531 1825 suae:
566 1761 661 1821 tacita
677 1759 821 1833 labetur.
868 1781 932 1820 non
963 1760 1014 1821 illa
1044 1782 1078 1822 se
1110 1762 1191 1841 regis
1214 1763 1363 1842 imperi0,
1395 1783 1458 1824 non

235 1870 343 1931 fauore
366 1867 475 1949 populi
498 1867 621 1947 longius
644 1866 799 1947 proferet:
827 1867 905 1927 sicut
929 1868 1023 1948 missa
1039 1877 1086 1928 est
1102 1888 1121 1929 a
1136 1869 1239 1950 primo
1264 1870 1323 1942 die,
1347 1880 1457 1931 curret.

199 1996 391 2055 unusquam
416 1975 605 2048 deuertetur‚
630 1993 784 2053 nusquam
800 1973 1017 2034 remorabitur.
1049 1975 1124 2055 quid
1140 1973 1212 2036 fiet?
1236 1984 1270 2036 tu
1287 1984 1458 2057 occupatus

236 2103 278 2155 es
303 2082 367 2142 uita
383 2080 521 2142 festinat:
550 2099 635 2141 mors
651 2080 774 2141 interim
791 2081 899 2154 aderit,
923 2081 979 2154 cui,
1004 2080 1080 2141 uelis
1096 2080 1184 2155 nolis
1208 2084 1387 2144 uacandum
1404 2091 1457 2144 est

325 2186 379 2247 lX.
411 2187 562 2273 Potestne
585 2188 751 2267 quicquam
776 2189 931 2248 amentius
954 2186 1118 2249 hominum
1151 2210 1261 2250 eorum
1293 2189 1353 2251 dici
1384 2191 1487 2264 oti0‚1

236 2296 288 2376 qui
311 2295 511 2375 prudentiam
534 2294 668 2354 iactant?
708 2294 871 2373 operosius
895 2295 1040 2373 occupati
1055 2303 1136 2369 sunt,
1160 2304 1194 2357 ut
1210 2293 1320 2357 melius
1337 2296 1458 2376 possint
1505 2287 1517 2314 ”

237 2402 350 2475 uiuere,
373 2401 521 2481 inpendio
545 2402 627 2462 uitae
650 2401 747 2462 uitam
771 2401 935 2475 instruunt,
959 2402 1168 2481 cogitationes
1191 2422 1263 2464 suas
1279 2405 1311 2465 in
1327 2403 1456 2484 longum

197 2528 223 2567 ru
238 2508 393 2570 ordinant.
441 2507 580 2568 maxima
610 2527 706 2587 porro
737 2509 819 2568 uitae
850 2507 967 2568 iactura
998 2507 1105 2569 dilatio
1137 2517 1203 2570 est:
1242 2508 1293 2571 illa
1322 2513 1457 2591 primum

237 2635 395 2696 quemque
411 2612 548 2675 extrahit
564 2614 657 2688 diem,
673 2611 725 2674 illa
741 2613 831 2693 eripit
846 2616 1030 2694 praesentia,
1048 2616 1124 2675 dum
1136 2614 1286 2679 ulteriora
1295 2619 1457 2696 promittit.

238 2725 414 2790 maximum
446 2719 569 2782 uiuendi
597 2721 845 2802 inpedimentum
870 2729 919 2782 est
942 2723 1140 2801 expectatiO,
1171 2743 1252 2803 quae
1275 2723 1397 2804 pendet
1419 2742 1456 2784 ex

238 2829 391 2901 crastin0,
418 2828 521 2908 perdit
549 2827 755 2889 hodiernum:
790 2828 877 2908 quod
900 2828 931 2888 in
955 2847 1048 2889 manu
1072 2827 1216 2890 fortunae
1239 2831 1381 2909 positum
1405 2840 1456 2904 est,

238 2938 392 3017 disponis,
424 2934 511 3015 quod
543 2935 572 2994 in
603 2943 672 3007 tua,
704 2935 841 2996 dimittis.
888 2955 951 3014 quo
975 2943 1116 3016 spectas,
1147 2956 1211 3016 quo
1235 2945 1268 2998 te
1291 2938 1456 3000 extendis?

198 3062 223 3100 rs
239 3043 345 3104 omnia
368 3062 449 3122 quae
473 3049 603 3102 uentura
626 3051 707 3115 sunt,
730 3041 759 3101 in
776 3019 896 3103 incerto
916 3043 1036 3103 iacent:
1063 3045 1205 3121 protinus
1221 3045 1299 3104 uiue.
1347 3044 1482 3107 clamat‘.)

165 3180 171 3188 ·
239 3170 312 3210 ecce
349 3149 507 3210 maximus
542 3158 630 3209 uates
668 3157 700 3209 et
736 3147 821 3209 uelut
860 3149 966 3209 diuino
998 3147 1102 3210 surore
1133 3149 1296 3211 instinctus
1327 3151 1457 3214 salutare

239 3275 365 3317 carmen
389 3257 491 3317 canit:
505 3298 507 3302 ι

479 3366 584 3440 optimo
607 3383 734 3438 quaeque
756 3365 814 3421 dics
837 3365 946 3436 miserz's
968 3365 1136 3422 mortalibus
1158 3367 1224 3422 aeui

471 3472 570 3545 prima
584 3473 675 3547 fugit.

199 3592 225 3631 ³0
239 3575 314 3657 quid
338 3575 507 3648 cunctariS,
539 3577 645 3660 inquit,
669 3575 745 3656 quid
769 3578 893 3636 cessas?
933 3578 990 3638 nisi
1015 3596 1168 3656 occupas,
1199 3564 1287 3656 fugit.
1335 3586 1457 3648 etcum

240 3822 255 3874 9
281 3822 411 3870 detrahant
435 3820 473 3887 (in
491 3835 578 3889 marq.
598 3836 632 3875 m.
653 3824 667 3872 2
687 3823 730 3870 sed
749 3822 775 3870 hi
795 3823 873 3886 ipsum
894 3823 1066 3885 andetrahant)
1199 3823 1263 3873 unde
1281 3819 1410 3894 Madur’p:
1431 3840 1458 3872 an

329 3910 473 3959 tollerabilis
571 3909 604 3962 12
628 3911 752 3974 suprimet.
850 3910 996 3960 admonebit
1015 3908 1179 3963 deteriores:
1201 3912 1234 3960 ad
1254 3914 1365 3963 mouebit
1391 3915 1394 3921 '

241 3999 273 4051 13
299 4015 325 4048 se
344 3999 408 4062 regis
426 3995 454 4049 E
461 4000 482 4047 ¹:
503 3999 592 4062 seregit
690 3998 722 4050 17
747 4000 878 4063 quicquam
898 4000 1016 4048 amentius
1037 3996 1134 4051 Gertz:
1155 3999 1264 4063 quicqua
1281 4016 1364 4051 seusus
1455 4055 1462 4068 ⁸

239 4089 346 4139 hominii
367 4087 437 4153 (hom
456 4087 483 4138 ira
502 4087 569 4151 ras.)
598 4156 599 4159 Ἴ
661 4089 711 4136 dici
730 4089 781 4136 otio
801 4084 890 4139 Koch:
913 4089 970 4136 dico
1061 4086 1094 4140 ’18
1119 4089 1228 4138 iactant?
1247 4087 1286 4141 rra
1304 4086 1459 4160 interpunoel

329 4176 363 4229 23
388 4176 468 4240 perdit
482 4191 551 4228 uuus
564 4174 743 4229 deteriorum:
765 4178 822 4240 pdis
913 4176 947 4229 26
960 4178 1040 4226 surore
1054 4174 1190 4230 Muretus:
1211 4194 1255 4227 ore
1267 4175 1328 4232 cod.
1341 4176 1378 4247 cf.
1393 4180 1431 4239 19,
1445 4179 1453 4226 t

240 4264 287 4318 ubi
304 4263 395 4317 codex
412 4262 492 4317 habet
511 4281 553 4313 ore
571 4280 624 4335 pro
642 4267 759 4330 humore,
777 4272 923 4334 praeterea
939 4263 996 4318 Val.
1017 4262 1096 4317 Marc.
1117 4269 1141 4328 6,
1156 4267 1210 4328 2,3
1230 4269 1314 4317 contio
1334 4267 1456 4317 tribunicio

240 4359 325 4420 rurore
339 4355 453 4402 instincta
555 4353 589 4406 28
612 4355 673 4403 euiu
693 4354 795 4424 (parua
814 4358 879 4420 rur.)
982 4353 1016 4405 30
1035 4355 1079 4419 iqt.
1098 4356 1132 4419 qd
1152 4355 1255 4421 (ornatio
1267 4356 1295 4408 in
1308 4356 1375 4422 rar.)

241 4444 310 4508 fugit.
329 4443 388 4508 quid
407 4444 528 4491 cunctaris
547 4444 629 4508 inquid
642 4444 701 4508 quid
715 4459 794 4492 cessas
808 4446 929 4512 (praeter
942 4445 1002 4508 sugit
1016 4440 1087 4496 lorea
1101 4447 1261 4497 transuersa
1274 4443 1374 4511 deleto)
