3046 5092
248 328 329 374 olet..
344 328 384 372 IX.
412 331 455 372 Ab
470 330 612 372 SERENVM
626 331 667 373 DE
680 330 946 383 TRANQVILLITATE
960 329 1058 374 ANIMI.
1084 332 1105 373 9.
1227 335 1290 398 207

70 493 166 554 paruo
189 483 302 556 parata
321 476 461 537 remedia
483 473 642 548 adhibere,
666 496 739 557 spes
755 475 922 538 effrenatas
938 485 971 539 et
986 478 1125 538 animum
1142 478 1173 537 in
1189 474 1292 539 lutura

69 581 274 641 inminentem
296 578 383 642 uelut
405 580 464 642 sub
489 580 617 642 uinculis
640 580 767 654 habere,
790 583 823 645 id
846 601 950 662 agere,
974 590 1009 643 ut
1024 583 1148 644 diuitias
1164 603 1183 643 a
1199 582 1291 644 nobis

35 699 51 749 3
67 687 170 766 potius
194 705 291 765 quam
313 706 332 747 a
352 685 478 748 fortuna
492 695 648 768 petamus
679 707 744 749 non
760 696 869 768 potest
885 707 1035 767 umquam
1051 696 1142 749 tanta
1157 689 1291 751 uarietas

66 799 96 852 et
118 792 268 871 iniquitas
291 811 420 854 casuum
444 795 488 854 ita
512 791 635 872 depelli,
658 802 781 857 utnon
805 793 939 856 multum
960 792 1169 873 procellarum
1189 796 1291 858 inruat

66 917 183 977 magna
206 907 405 960 armamenta
427 898 648 981 pandentibus
695 901 862 979 cogendae
884 902 915 960 in
938 907 1040 961 artum
1064 921 1114 960 res
1137 909 1225 974 sunt,
1257 909 1317 964 ut⁵

64 1001 127 1064 tela
157 1005 190 1065 in
221 1023 337 1065 uanum
367 1005 492 1067 cadant.
538 1004 674 1085 ideoque
706 1005 800 1067 exilia
828 1008 953 1068 interim
978 1004 1237 1086 calamitatesque
1260 1010 1291 1068 in

64 1109 240 1170 remedium
268 1097 391 1172 cessere
419 1119 452 1172 et
474 1109 644 1173 leuioribus
668 1113 880 1174 incommodis
904 1114 1050 1192 grauiora
1072 1122 1185 1175 sanata
1207 1122 1288 1187 sunt,

63 1213 115 1275 ubi
152 1234 264 1295 parum
298 1217 388 1278 audit
421 1225 594 1297 praecepta
629 1218 751 1278 animus
786 1237 845 1279 nec
880 1221 979 1279 curari
1015 1217 1138 1279 mollius
1173 1227 1290 1300 potest.

64 1321 194 1400 quidni?
234 1321 405 1384 consulitur
428 1323 473 1397 ei,
502 1324 529 1382 si
552 1331 722 1403 paupertas
746 1324 791 1395 ei,
822 1323 1008 1402 ignominia,
1041 1343 1143 1385 rerum
1167 1327 1290 1387 euersio

64 1425 244 1489 adhibetur.
281 1425 367 1488 malo
384 1425 502 1489 malum
519 1429 697 1508 opponitur.
734 1429 958 1490 adsuescamus
974 1448 1052 1509 ergo
1068 1449 1180 1491 cenare
1194 1450 1291 1511 posse
1305 1439 1330 1480 ¹0

64 1535 130 1593 sine
153 1530 275 1614 populo
298 1541 331 1594 et
354 1534 451 1594 seruis
473 1533 676 1613 paucioribus
699 1535 815 1595 seruire
837 1542 870 1595 et
893 1542 998 1595 uestes
1021 1554 1132 1616 parare
1155 1537 1186 1597 in
1202 1536 1290 1616 quod

64 1638 211 1699 inuentae
233 1647 307 1700 sunt
330 1648 363 1700 et
385 1638 529 1700 habitare
545 1641 745 1700 contractius.
783 1640 894 1701 nonin
911 1661 1002 1702 cursu
1017 1648 1141 1702 tantum
1157 1641 1290 1722 circique
1385 1661 1394 1676 ·

33 1746 247 1818 lcertamine‚
270 1744 328 1805 sed
351 1746 381 1806 in
405 1744 453 1806 his
476 1744 584 1825 spatiis
607 1747 692 1806 uitae
714 1745 842 1807 interius
862 1745 1053 1807 flectendum
1074 1755 1130 1809 est.
1168 1749 1289 1809 studio·

45 1869 133 1926 'rum
157 1869 285 1930 quoque
307 1870 388 1931 quae
412 1849 627 1912 liberalissima
648 1851 780 1931 inpensa
794 1862 849 1925 est,
873 1852 994 1913 tamdiu
1010 1854 1166 1913 rationem
1183 1852 1290 1928 habet,

63 1940 215 2036 quamdiu
232 1955 374 2019 modum.
404 1976 469 2036 quo
484 1955 727 2018 innumerabiles
743 1955 840 2017 libros
855 1964 887 2017 et
903 1955 1134 2035 bybliothecas,
1157 1980 1289 2038 quarum
1305 1968 1330 2008 1⁵

64 2061 211 2122 dominus
241 2061 295 2122 uix
326 2070 396 2124 tota
426 2063 492 2124 uita
518 2062 634 2124 indices
662 2062 815 2143 perlegit?
855 2071 967 2124 onerat
990 2063 1165 2126 discentem
1189 2066 1290 2141 turba,

63 2188 128 2228 non
163 2168 302 2242 instruit,
338 2167 502 2248 multoque
536 2170 634 2231 satius
665 2177 714 2230 est
744 2171 851 2249 paucis
881 2176 914 2230 te
945 2171 1125 2231 auctoribus
1156 2172 1290 2246 tradere,

32 2290 161 2354 squam
185 2292 289 2335 errare
311 2293 369 2354 per
392 2272 518 2337 multos
563 2275 773 2356 quadraginta
796 2274 882 2336 milia
902 2273 1052 2336 librorum
1073 2275 1290 2339 Alexandriae

63 2387 227 2441 arserunt:
260 2378 504 2461 pulcherrimum
528 2383 633 2461 regiae
650 2379 828 2460 opulentiae
844 2382 1075 2443 monimentum
1091 2382 1167 2444 alius
1182 2382 1288 2445 lauda-

64 2487 152 2561 uerit,
176 2489 256 2548 sicut
278 2484 315 2547 T.
339 2486 462 2560 Liuius,
486 2489 538 2569 qui
560 2486 739 2566 elegantiae
761 2506 873 2565 regam
897 2507 1053 2566 curaeque
1075 2490 1232 2566 egregiam
1255 2489 1293 2550 id
1304 2498 1330 2539 ²⁰

63 2602 143 2671 opus
174 2593 218 2655 ait
238 2592 367 2670 faz'sse:
404 2613 469 2654 non
500 2591 556 2654 fuit
587 2592 743 2673 elegantia
772 2592 847 2654 illud
871 2602 925 2654 aut
948 2613 1037 2668 cura,
1068 2597 1125 2655 sed
1149 2597 1291 2657 studiosa

63 2698 202 2773 luxuria,
226 2699 325 2760 immo
348 2719 389 2760 ne
411 2699 555 2761 studiosa
577 2700 721 2781 quidem,
745 2701 895 2779 quoniam
920 2719 983 2760 non
1007 2703 1037 2760 in
1060 2700 1210 2775 studium,
1233 2702 1290 2763 sed

63 2808 94 2866 in
108 2802 325 2885 spectaculum
342 2814 601 2886 conparauerant,
625 2807 708 2867 sicut
718 2802 875 2886 plerisque
891 2806 1006 2885 ignaris
1022 2808 1116 2868 etiam
1133 2807 1289 2869 seruilium

62 2910 235 2995 litterarum
259 2910 327 2974 libri
351 2931 414 2972 non
438 2912 614 2973 studiorum
638 2912 861 2986 instrumenta,
892 2911 949 2971 sed
972 2915 1172 2975 cenationum
1197 2934 1288 2975 orna-

63 3025 173 3079 menta
201 3025 282 3081 sunt.
327 3025 455 3098 paretur
485 3020 590 3098 itaque
620 3016 772 3078 librorum
800 3026 954 3099 quantum
978 3020 1051 3080 satis
1075 3021 1131 3094 sit,
1162 3018 1236 3080 nihil
1259 3021 1288 3080 in
1302 3028 1329 3070 ²⁵

62 3213 277 3222 ..α-*-

62 3337 165 3399 pudebit
188 3337 211 3384 ei
232 3335 286 3399 plus
304 3334 364 3388 eod.
391 3337 452 3400 (etia
475 3335 495 3383 si
520 3334 600 3383 mulos
624 3332 770 3387 admodum
790 3332 945 3387 oblitterata
963 3340 1042 3397 sant;
1067 3333 1157 3388 littera
1179 3333 1290 3390 ultimae

61 3421 185 3492 syllabae
203 3423 280 3477 uocis
298 3424 378 3473 mulos
396 3422 588 3492 suprascripta
606 3437 741 3490 quaenam
757 3422 844 3489 faerit
862 3422 969 3475 omnino
989 3421 1088 3492 dispici
1098 3424 1199 3491 aequit)

62 3512 78 3564 2
109 3512 268 3560 inminentem
292 3507 423 3581 Madulp:
451 3512 598 3562 eminente*
752 3511 768 3563 6
799 3512 870 3560 exilia
895 3509 1060 3564 deteriores:
1087 3513 1159 3561 exilia

62 3601 159 3649 interim
178 3597 304 3668 Lt'pst'tts:
325 3601 412 3649 iterum
520 3596 536 3650 9
562 3599 692 3647 consulitur
712 3600 742 3664 ei,
762 3600 782 3647 si
800 3603 931 3663 paupertas
949 3600 971 3648 ei
990 3597 1097 3652 Haase:
1119 3601 1251 3650 consulitur
1269 3603 1289 3650 si

62 3695 84 3737 et
109 3693 219 3754 pauptas
238 3668 261 3736 e't
279 3685 339 3740 eod.
371 3684 507 3756 diadaiad
529 3685 675 3753 rationem,
701 3685 750 3755 qui
766 3685 857 3740 uerbis
874 3687 917 3735 ubi
935 3703 1022 3752 parum
1043 3717 1075 3725 —
1095 3693 1176 3752 potest
1193 3686 1233 3740 ad
1249 3704 1289 3742 se·

61 3775 172 3844 quentia
191 3773 285 3829 relatis
304 3774 403 3828 conicit
419 3775 504 3840 quidni
523 3775 662 3823 consulatur
680 3775 779 3823 durius?
806 3779 828 3823 et
847 3774 980 3824 consulitur
997 3777 1018 3824 si
1037 3779 1086 3829 ela.
1102 3774 1226 3846 probare
1243 3792 1289 3830 tte-

60 3881 144 3933 quem
169 3864 231 3934 ipsa
255 3862 340 3917 exilia
364 3870 390 3917 et
413 3862 581 3916 calamitates
605 3859 677 3915 mala
704 3861 752 3915 illa
776 3867 840 3914 sunt
863 3878 934 3931 qaae
958 3863 1042 3916 antimi
1060 3870 1211 3935 praecepta
1234 3880 1286 3917 noa

60 3950 197 4006 audieatis
215 3949 287 4005 malo
303 3967 357 4022 pro
376 3949 503 4005 remediis
521 3956 697 4022 apponuntur
813 3950 841 4002 11
866 3953 955 4000 seruire
974 3967 1035 4004 eam
1053 3950 1148 4006 codice
1165 3950 1288 4023 Madm'q,

59 4042 142 4090 seruiri
167 4038 250 4110 ttulqo
358 4040 392 4093 12
418 4045 441 4089 et
466 4041 581 4089 habitare
604 4037 664 4092 cod.
684 4040 797 4089 habitare
820 4037 902 4108 dalye
1012 4038 1044 4092 14
1069 4041 1181 4106 impensa

63 4145 94 4200 18
105 4148 271 4222 quadraginta
283 4146 351 4195 milia
364 4143 529 4200 deteriores:
542 4134 586 4198 ᾗ
671 4144 705 4198 20
724 4147 754 4199 Τ,
768 4146 852 4195 Liuius
865 4141 995 4214 Maduiq:
1017 4153 1040 4196 et
1052 4147 1136 4195 Liuius
1150 4145 1186 4210 (in
1199 4162 1286 4215 mara.

61 4250 93 4286 m.
112 4239 127 4285 3
147 4236 179 4285 de
199 4240 215 4286 t.
236 4234 330 4298 liuio).
414 4248 497 4298 cureqs
620 4232 654 4285 23
682 4240 886 4297 comparauerant
999 4233 1128 4298 puerilium
1152 4234 1285 4284 litterarum

61 4317 183 4392 Madm'q,
202 4325 232 4375 at
249 4327 322 4375 reate
335 4320 447 4391 [ἱρείας
465 4319 581 4374 seruilis
599 4318 705 4372 litteras
724 4317 881 4373 liberalibus
900 4319 1001 4389 opponi
1018 4318 1104 4377 dixin
1125 4320 1163 4388 cf.
1183 4318 1285 4376 Minue.

62 4406 113 4462 Fet.
134 4413 158 4472 5,
178 4412 195 4460 4
215 4414 326 4474 expertes
344 4411 432 4459 artium
452 4409 525 4458 etiam
544 4408 700 4456 sordidarum
791 4406 825 4459 25
844 4409 921 4457 nichil
939 4410 1090 4473 inapparatu
