3046 5092
335 311 413 355 DIAL.
428 312 468 355 ΧΙ.
498 312 539 352 AD
554 310 690 352 HELVIAM
706 311 835 352 MATREM
853 312 892 352 DE
906 310 1152 354 CONSOLATIONE.
1182 315 1201 356 6.
1319 321 1380 380 251

155 458 238 521 nulla
269 479 334 520 non
366 477 515 538 magnam
544 466 668 539 partem
700 457 883 537 peregrinae
907 456 1111 519 multitudinis
1134 456 1239 519 habet.
1287 462 1385 522 transi

157 566 195 627 ab
219 565 264 640 iis,
287 584 420 646 quarum
445 584 581 626 amoena
603 565 718 646 positio
743 574 775 626 et
798 565 1018 645 opportunitas
1042 565 1177 644 regionis
1199 564 1304 646 plures
1328 567 1382 628 ad-

156 672 224 734 licit.
271 669 399 733 deserta
428 669 499 733 loca
530 680 562 732 et
584 671 772 752 asperrimas
801 670 931 744 insulas,
964 668 1127 733 Sciathum
1151 680 1183 733 et
1207 669 1385 752 Seriphum,

156 777 299 866 Gyarum
324 786 356 839 et
380 775 534 839 Cosuram
558 797 727 858 percense:
766 776 883 838 nullum
915 777 1051 838 inuenies
1082 775 1228 850 exilium,
1259 777 1290 838 in
1320 799 1384 859 quo

96 892 124 946 5
155 906 217 946 non
239 882 351 966 *aliquis
374 880 468 946 animi
493 905 587 945 causa
610 891 759 945 moretur.
796 883 872 963 quid
895 891 962 945 tam
985 884 1104 944 nudum
1126 883 1254 945 inueniri
1270 893 1384 964 potest,
1414 902 1425 940 s

154 989 227 1074 quid
260 999 327 1052 tam
358 990 527 1072 abruptum
559 991 696 1071 undique
723 1011 819 1071 quam
851 990 913 1051 hoc
938 973 1075 1051 saxum?
1107 990 1182 1069 quid
1214 970 1255 1052 ad
1279 964 1387 1071 copias

154 1097 331 1179 respicienti
353 1098 501 1159 ieiunius?
534 1099 609 1178 quid
633 1099 674 1158 ad
697 1095 842 1158 homines
857 1097 1102 1158 inmansuetius?
1134 1097 1210 1178 quid
1226 1097 1266 1158 ad
1282 1097 1386 1177 ipsum

155 1205 213 1266 loci
238 1204 333 1267 situm
356 1204 533 1266 horridius?
564 1205 639 1284 quid
663 1204 705 1266 ad
721 1203 797 1265 caeli
814 1211 957 1264 naturam
974 1202 1251 1284 intemperantius?
1282 1202 1394 1291 plures,

154 1320 261 1373 tamen
293 1309 343 1372 hie
373 1311 529 1390 peregrini
555 1329 652 1390 quam
676 1309 760 1370 ciues
783 1308 964 1370 consistunt.
1011 1330 1110 1389 usque
1133 1330 1172 1371 eo
1196 1307 1274 1390 ergo
1299 1330 1385 1394 eom·
1416 1359 1418 1363 ‚

155 1419 289 1480 mutatio
313 1418 380 1499 ipsa
403 1416 547 1478 locorum
571 1417 675 1496 grauis
699 1437 763 1478 non
787 1425 844 1490 est,
868 1415 975 1478 uthic
997 1422 1125 1498 quoque
1148 1415 1235 1478 locus
1250 1437 1270 1477 a
1285 1416 1387 1496 patria
1403 1433 1426 1473 ιο

126 1525 312 1606 tquosdam
336 1522 513 1585 abduxerit.
553 1523 676 1584 inuenio
700 1524 752 1603 qui
775 1524 881 1585 dicant
903 1524 1004 1584 inesse
1027 1521 1200 1584 naturalem
1225 1523 1385 1603 quandam

153 1632 365 1694 imitationem
406 1630 516 1692 animis
547 1631 764 1691 commutandi
796 1630 888 1692 sedes
920 1639 952 1691 et
982 1629 1189 1691 transferendi
1220 1610 1385 1690 domicilia.

154 1738 281 1800 mobilis
305 1738 387 1798 enim
413 1745 445 1798 et
468 1737 606 1816 inquieta
629 1735 747 1808 homini
771 1756 860 1798 mens
884 1738 961 1799 data
983 1746 1050 1799 est:
1085 1756 1256 1816 numquam
1282 1757 1316 1797 se
1340 1744 1384 1796 te-

153 1856 215 1919 net,
247 1844 406 1926 spargitur
441 1852 473 1904 et
503 1843 712 1922 cogitationes
742 1864 814 1905 suas
845 1842 875 1904 in
907 1845 1014 1905 omnia
1043 1853 1120 1905 nota
1146 1851 1246 1930 *atque
1278 1843 1387 1921 ignota

152 1952 299 2026 dimittit,
338 1970 420 2030 uaga
451 1959 483 2010 et
510 1949 622 2030 quietis
653 1951 807 2031 inpatiens
839 1959 871 2011 et
901 1952 1042 2012 nouitate
1073 1969 1177 2011 rerum
1209 1948 1386 2010 laetissima.
1403 1967 1427 2007 is

119 2071 133 2123 7
152 2059 241 2140 quod
264 2077 329 2119 non
354 2057 529 2131 miraberis,
553 2057 578 2118 si
601 2057 736 2138 primam
759 2057 824 2118 eius
848 2057 1000 2136 originem
1023 2057 1224 2136 adspexeris:
1251 2076 1316 2116 non
1340 2064 1388 2117 est

152 2187 195 2228 ex
218 2173 347 2227 terreno
372 2172 404 2225 et
427 2166 515 2245 graui
538 2173 687 2225 concreta
710 2184 852 2246 corpore.
876 2185 933 2225 ,εκ
957 2162 1008 2224 illo
1033 2162 1161 2225 caelesti
1185 2163 1293 2245 spiritu
1317 2161 1385 2222 des-

152 2273 266 2335 cendit.
307 2269 488 2332 caelestium
505 2279 611 2333 autem
628 2280 739 2333 natura
754 2291 880 2352 semper
896 2271 926 2332 in
950 2279 1040 2332 motu
1064 2278 1120 2344 est,
1145 2269 1223 2352 fugit
1246 2277 1279 2330 et
1301 2269 1385 2331 uelo·
1439 2341 1441 2343 ¹

152 2380 279 2441 cissimo
310 2398 401 2439 cursu
425 2379 535 2456 agitur.
575 2378 702 2458 adspice
725 2378 829 2438 sidera
852 2378 1006 2439 mundum
1024 2365 1234 2438 inlustrantia:
1269 2375 1386 2438 nullum

152 2505 265 2548 eorum
296 2493 425 2566 perstat.
472 2484 523 2544 sol
550 2483 664 2546 labitur
695 2484 826 2545 adsidue
857 2492 888 2544 et
920 2483 1025 2545 locum
1059 2504 1101 2544 ex
1124 2481 1196 2544 loco
1221 2491 1323 2545 mutat
1347 2491 1387 2557 et,
1402 2499 1427 2539 n

150 2593 297 2674 quamuis
338 2612 409 2652 cum
449 2593 595 2663 uniuerso
628 2584 784 2665 uertatur,
815 2592 845 2652 in
877 2591 1067 2652 contrarium
1099 2588 1298 2651 nihilominus
1329 2589 1387 2671 ipsi

136 2699 275 2761 ‘mundo
308 2696 455 2771 refertur,
487 2717 543 2777 per
575 2698 677 2758 omnis
708 2697 870 2778 signorum
894 2708 1000 2778 partes
1024 2697 1182 2770 discurrit,
1214 2716 1386 2785 numquam

151 2806 276 2869 resistit.
331 2813 485 2885 perpetua
520 2803 585 2865 eius
617 2804 747 2883 agitatio
779 2812 811 2864 et
842 2803 967 2865 aliunde
997 2802 1058 2865 alio
1090 2802 1299 2882 conmigratio
1331 2811 1386 2864 est.

113 2913 261 2978 somnia
291 2911 459 2972 uoluuntur
489 2930 615 2991 semper
646 2919 678 2971 et
709 2911 739 2972 in
772 2911 902 2972 transitu
930 2919 1008 2972 sunt.
1055 2920 1089 2972 ut
1114 2909 1175 2972 lex
1203 2919 1235 2970 et
1258 2918 1387 2971 naturae
1437 2887 1440 2893 ⁸

151 3019 324 3081 necessitas
348 3019 511 3091 ordinauit,
535 3017 660 3079 aliunde
683 3016 744 3079 alio
769 3016 957 3080 deseruntur.
1005 3038 1076 3078 eum
1100 3036 1157 3098 per
1180 3025 1266 3078 certa
1289 3037 1386 3078 anno·
1402 3033 1427 3074 as

152 3147 221 3188 rum
254 3125 356 3206 spatia
385 3124 480 3186 orbes
508 3144 582 3185 suos
606 3123 827 3205 explicuerint,
859 3125 970 3186 iterum
991 3124 1085 3186 'ibunt
1108 3144 1165 3205 per
1188 3143 1269 3205 quae
1292 3142 1385 3184 uene-

152 3242 241 3295 rant:
277 3235 286 3294 i
310 3252 393 3293 nunc
416 3240 448 3292 et
471 3230 644 3292 humanum
669 3232 807 3292 animum
832 3253 872 3292 ex
898 3232 1015 3305 isdem,
1047 3231 1160 3312 quibus
1184 3231 1288 3292 diuina
1311 3251 1385 3291 con·

152 3349 246 3414 stant,
270 3337 441 3400 seminib'us
462 3340 662 3418 conpositum
685 3336 818 3399 moleste
834 3336 915 3399 serre
930 3338 1094 3399 transitum
1112 3357 1150 3398 ac
1165 3337 1387 3418 migrationem

152 3456 247 3529 puta,
287 3466 358 3507 cum
396 3446 448 3506 dei
478 3453 588 3506 natura
619 3444 758 3513 adsidua,
782 3454 823 3506 et·
845 3445 1027 3506 citatissima
1057 3444 1306 3506 commutatione
1338 3442 1388 3505 uel

154 3552 293 3616 delectet
317 3573 350 3613 se
375 3551 424 3612 uel
447 3559 640 3612 conseruet.r
1401 3567 1426 3607 so

156 3767 367 3774 -.-—-.—--.

136 3943 168 3995 ‘l
197 3943 273 3992 transi
281 3903 363 3991 abhiis
389 3941 457 4008 (rus.
480 3941 551 3995 inter
570 3943 643 3991 transi
663 3951 687 3995 er
707 3943 752 3999 iis3
779 3940 889 3994 uidetur
905 3940 994 4008 fuisse
1013 3943 1046 3992 ab
1066 3943 1110 3999 iis;
1138 3940 1237 3994 deinde
1257 3959 1271 3990 a
1290 3940 1387 4002 deleto,
1459 3987 1462 3991 .

154 4047 194 4085 ex
205 4033 222 4080 b
233 4028 315 4099 facta
327 4032 360 4087 h;
382 4033 414 4080 ab
431 4037 528 4100 postea
546 4045 633 4099 supra
651 4030 782 4099 scriptum
802 4047 835 4083 m.
855 4034 921 4094 rea)
1012 4030 1029 4082 2
1049 4021 1136 4080 amena
1151 4031 1176 4095 (0
1190 4039 1253 4082 ante
1266 4047 1279 4079 e
1292 4046 1387 4090 erasa)

251 4120 328 4169 allicit
348 4119 385 4182 (in
403 4121 470 4181 ras.)
568 4119 583 4169 4
609 4120 730 4169 Cosuram
750 4117 889 4172 Muretus:
912 4122 1024 4169 corsiean
1111 4118 1144 4171 12
1169 4120 1238 4168 sedes
1258 4117 1279 4186 (s
1299 4117 1387 4172 altera

153 4247 245 4325 erosa)
331 4244 363 4296 14
376 4221 434 4294 suas
448 4245 469 4310 (s
484 4245 726 4313 m.pr.superscr.)
819 4247 920 4309 ingnota
980 4244 1037 4308 Ῠ16
1052 4245 1173 4307 aspexeris
1258 4242 1292 4295 19
1306 4245 1389 4308 aspice
1423 4303 1427 4310 ι

262 4334 298 4388 20
323 4335 360 4383 sol
380 4335 469 4383 labitur
488 4331 645 4386 Michaelis:
666 4332 736 4383 aur
857 4332 891 4386 27
916 4334 924 4381 i
943 4349 1008 4382 nunc
1027 4330 1191 4385 deteriores:
1219 4332 1290 4388 Nunc
1316 4333 1389 4399 (arete

153 4441 170 4472 n
191 4425 259 4486 ras.)
