3046 5092
334 352 557 394 CONTVMELIAM
577 354 723 395 ACClPERE
743 353 923 397 SAPIENTEM.
944 355 984 394 lll.
1000 355 1037 397 IV.
1256 364 1294 423 19

16 511 30 561 t
53 501 220 581 numquid
238 500 370 562 dubium
387 508 442 574 est,
467 501 541 579 quin
558 500 670 560 certius
686 501 783 561 robur
799 502 837 560 sit
853 503 940 580 quod
965 522 1028 563 non
1052 493 1184 563 uincittir
1199 523 1295 582 quam

50 609 160 688 quod
180 628 243 668 non
268 606 446 680 lacessitur,
471 626 542 667 cum
568 607 682 668 dubiae
705 607 767 669 sint
790 609 870 668 uires
894 610 1093 688 inexpertae,
1125 618 1157 670 at
1181 607 1295 672 merito

49 715 241 777 certissima
264 713 395 774 firmitas
418 713 585 787 habeatur,
617 734 698 792 quae
730 715 832 775 omnis
856 715 995 775 incursus
1020 717 1154 796 respuit?
1194 717 1238 777 sic
1260 726 1295 778 tu

47 822 242 902 sapientem
267 820 404 882 melioris
436 821 514 881 scito
543 841 613 881 esse
637 830 781 895 naturae,
813 822 838 881 si
870 820 952 882 nulla
983 820 1024 881 illi
1056 823 1163 883 iniuria
1193 833 1295 898 nocet,

48 948 166 1011 quam
189 929 213 989 si
237 928 323 988 nulla
346 926 387 989 fit.
431 937 463 988 et
495 926 580 987 illum
604 926 719 988 sortem
744 929 844 988 uirum
869 929 982 1002 dicam,
1006 949 1102 1008 quem
1127 928 1209 990 bella
1231 950 1322 990 nona

47 1036 217 1114 subigunt
248 1055 308 1096 nec
340 1035 472 1095 admota
495 1034 540 1094 uis
565 1033 685 1096 hostilis
708 1043 865 1108 exterret,
893 1055 962 1096 'non
986 1037 1034 1096 cui
1058 1037 1173 1115 pingue
1196 1037 1294 1097 otium

15 1153 119 1206 test
143 1142 218 1202 inter
250 1142 375 1202 desides
406 1140 551 1222 populos
597 1141 659 1202 hoc
688 1142 781 1221 igitur
804 1142 894 1215 dicu,
926 1142 1205 1221 sapientem-nulli
1228 1163 1297 1203 esse

48 1248 193 1313 iniuriae
217 1248 405 1309 obnoxium.
450 1248 557 1326 itaque
590 1267 654 1307 non
678 1246 787 1321 refert,
818 1267 913 1327 quam
946 1247 1046 1309 multa
1069 1249 1099 1308 in
1122 1247 1208 1308 illum
1232 1249 1294 1309 coi-

49 1360 187 1420 ciantur
217 1354 296 1429 tela,
336 1373 407 1414 cum
446 1354 485 1415 sit
523 1352 596 1413 nulli
628 1353 836 1432 penetrabilis.
883 1355 1050 1432 quomodo
1094 1356 1323 1434 quorundam,
1371 1385 1374 1389 v

51 1463 208 1544 lapidum
240 1458 491 1542 inexpugnabilis
515 1459 596 1520 ferro
633 1461 746 1522 duritia
771 1470 818 1521 est
848 1480 907 1520 nec
945 1462 1043 1522 secari
1081 1463 1212 1522 adamas
1243 1469 1298 1522 aut
1313 1477 1337 1516 n

54 1570 160 1633 caedi
186 1568 237 1629 uel
269 1568 367 1628 deteri
396 1576 502 1647 potest
538 1568 595 1627 sed
627 1568 816 1627 incurrentia
848 1565 928 1628 ultro
962 1568 1112 1641 retundit,
1144 1570 1297 1647 quemad-

57 1677 202 1741 modum
226 1675 384 1754 quaedam
409 1694 473 1734 non
496 1683 630 1754 possunt
657 1674 735 1752 igne¹
751 1675 896 1736 consumi
925 1674 982 1734 sed
1011 1672 1140 1735 flamma
1170 1675 1299 1735 circum-

60 1788 143 1848 tusa
161 1785 297 1863 rigorem
314 1802 406 1843 suum
422 1781 629 1860 habitumque
648 1789 848 1854 conseruant,
871 1782 1145 1859 quemadmodum
1168 1781 1299 1861 proiecti

65 1891 198 1971 quidam
231 1890 261 1949 in
292 1888 391 1950 altum
423 1887 542 1968 scopuli
575 1907 661 1947 mare
697 1884 844 1965 frangunt
880 1906 938 1947 nec
968 1887 1025 1967 ipsi
1058 1885 1121 1947 ulla
1151 1887 1298 1948 saeuitiae

70 1997 202 2075 uestigia
237 2004 287 2056 tot
327 1994 484 2055 uerberati
520 1993 651 2054 saeculis
690 2002 868 2054 ostentant:
911 1994 953 2054 ita
991 1993 1138 2074 sapientis
1177 1994 1298 2054 animus
1315 2009 1338 2048 u

75 2102 189 2164 solidus
219 2111 269 2164 est
300 2111 332 2163 et
363 2102 395 2162 id
426 2100 550 2162 roboris
581 2099 734 2179 conlegit,
770 2111 804 2162 ut
835 2111 900 2160 tarn
933 2109 1019 2161 tutus
1050 2101 1089 2161 sit
1121 2099 1161 2161 ab
1195 2101 1301 2161 iniuria

81 2228 181 2287 quam,
193 2208 243 2269 illa
266 2228 347 2288 quae
372 2208 483 2269 rettuli.

57 2333 69 2382 t
166 2315 216 2377 lV.
241 2314 329 2395 Quid
353 2317 451 2394 ergo?
483 2334 547 2374 non
579 2315 636 2375 erit
667 2313 776 2392 aliquis
807 2314 859 2393 qui
883 2314 1014 2393 sapienti
1038 2311 1141 2375 facere
1165 2321 1301 2393 temptet

89 2410 232 2482 iniuriam?
257 2420 436 2502 temptabit,
460 2421 517 2481 sed
541 2441 605 2481 non
632 2430 853 2500 peruenturam
879 2422 920 2480 ad
945 2440 1027 2481 eum.
1074 2421 1192 2481 maiore
1217 2421 1299 2480 enim

93 2524 233 2589 interuallo
257 2547 277 2588 a
300 2535 450 2590 contactu
481 2525 661 2588 interiorum
690 2526 846 2588 abductus
871 2536 935 2600 est,
967 2546 1063 2606 quam
1095 2535 1129 2585 ut
1161 2524 1222 2586 ulla
1253 2526 1298 2586 uis
1314 2541 1340 2580 n

96 2633 174 2694 noxia
200 2654 298 2715 usque
330 2635 371 2695 ad
402 2633 489 2694 illum
522 2634 602 2693 uires
634 2653 705 2693 suas
736 2631 880 2714 perferat.
929 2633 1025 2694 etiam
1057 2653 1139 2710 cum¹
1153 2640 1300 2711 potentes

100 2743 125 2794 et
142 2738 262 2822 imperio
286 2742 361 2802 editi
384 2748 417 2801 et
433 2760 588 2801 consensu
604 2740 805 2801 seruientium
829 2740 922 2801 ualidi
944 2759 1059 2801 nocere
1083 2739 1110 2800 ei
1127 2739 1300 2812 intendent,

55 2895 61 2903 .
99 2848 151 2902 tam
170 2849 239 2910 citra
264 2847 449 2928 sapientiam
474 2866 585 2907 omnes
610 2866 720 2907 eorum
750 2847 873 2926 inpetus
899 2845 1059 2920 deficient,
1093 2865 1188 2924 quam
1220 2865 1301 2924 quae

101 2965 178 3013 neruo
198 2955 401 3016 tormentisue
425 2954 455 3013 in
479 2951 577 3014 altum
601 2953 836 3032 exprimuntur,
869 2973 941 3014 cum
973 2961 1065 3013 extra
1089 2952 1189 3012 uisum
1214 2950 1300 3012 exili-

74 3067 183 3134 terunt,
209 3063 285 3123 citra
303 3060 429 3128 ,caelum
454 3069 560 3122 tamen
584 3058 759 3120 flectuntur.
799 3060 895 3138 quid?
927 3068 961 3120 tu
989 3067 1081 3138 putas
1113 3068 1197 3131 tum,
1228 3076 1300 3118 cum
1315 3082 1341 3121 25

102 3160 208 3228 stolidus
245 3167 296 3228 ille
335 3186 393 3228 rex
431 3167 630 3242 multitudine
668 3165 804 3227 telorum
844 3166 928 3226 diem
967 3164 1167 3238 obscuraret,
1205 3163 1301 3225 ullam

103 3268 223 3344 sagittam
253 3275 285 3334 in
316 3273 417 3334 solem
449 3273 612 3334 incidisse?
652 3281 705 3333 aut
737 3273 879 3333 demissis
909 3273 940 3332 in
967 3271 1161 3353 protundum
1185 3271 1302 3332 catenis

105 3367 257 3452 Neptunum
276 3380 417 3462 potuisse
438 3380 609 3459 contingi?
630 3388 664 3438 ut
680 3378 827 3440 caelestia
842 3380 995 3440 humanas
1019 3399 1131 3440 manus
1148 3376 1303 3456 effugiunt

106 3483 131 3536 et
148 3481 180 3543 ab
200 3488 243 3548 his
266 3489 320 3567 qui
344 3485 464 3566 templa
488 3486 613 3547 diruunt
637 3506 673 3546 ac
698 3485 864 3547 simulacra
887 3485 1027 3546 conflant
1055 3484 1128 3545 nihil
1152 3484 1303 3546 diuinitati

106 3600 216 3667 nocetur,
239 3595 282 3655 ita
297 3593 450 3673 quidquid
471 3591 506 3654 fit
520 3593 559 3664 ¹in
575 3593 751 3673 sapientem
766 3603 922 3673 proterue,
948 3591 1133 3671 petulanter,
1157 3588 1342 3671 superbene

10 3686 14 3747 i
80 3683 195 3759 tinstra
216 3708 396 3781 temptatur.
443 3707 477 3760 at
500 3699 595 3759 satius
619 3708 686 3760 erat
710 3701 868 3760 neminem
901 3719 969 3760 esse
1000 3698 1052 3778 qui
1076 3696 1178 3759 lacere
1202 3696 1302 3758 uellet.

109 3819 289 3841 ,ΧΨ-

1143 3853 1157 3892 d

112 3895 199 3972 luunqd
298 3906 372 3962 θέῐῗϋ
473 3911 554 3975 iique
574 3917 621 3972 ois,
641 3924 783 3979 suprascr.
803 3926 836 3960 tn.
857 3925 911 3962 rec.
932 3928 950 3974 ,p
969 3927 994 3958 es
1096 3908 1215 3960 Gamota

111 4186 163 4234 “llll
177 4192 244 4263 (post
261 4212 288 4245 re
307 4195 373 4261 ras.)
452 4193 486 4246 20
504 4139 560 4242 ula‘
625 4194 658 4245 22
679 4195 740 4257 editi
811 4195 915 4257 imperio
935 4194 1040 4258 praediti
1060 4189 1215 4242 dubitanter
1227 4187 1304 4241 Koch

151 4278 168 4324 ei
182 4281 281 4338 addidit
301 4281 456 4338 Gronovius
516 4281 549 4335 24
569 4282 695 4331 exilierunt
713 4279 756 4334 ed.
776 4280 871 4349 Nenp,
886 4274 1014 4349 Mndntq:
1036 4280 1153 4328 exilierint
1210 4278 1244 4329 Qb'
1259 4279 1304 4326 ob-

112 4351 191 4418 shrael
212 4372 234 4438 (c
259 4390 292 4429 m,
311 4373 367 4443 pr.)
469 4371 503 4423 ‘li
529 4371 640 4420 demissis
668 4368 827 4422 Pincianus:
855 4370 962 4417 dimissis
1064 4367 1097 4419 29
1124 4366 1201 4415 nichil

115 4445 139 4499 30
153 4459 250 4525 quicquid
339 4465 418 4527 supbe
509 4460 540 4512 :tt
562 4442 670 4525 adsatius
689 4474 827 4527 suprascr.
848 4465 857 4505 t

10 3780 15 3877 l

10 3890 14 3969 l

200 3998 212 4036 d
478 4006 483 4015 υ

10 3972 18 4431 J
111 4037 134 4090 'll
153 4056 282 4111 queamodu
303 4055 331 4120 (d
350 4069 383 4108 m.
400 4053 458 4122 pr.)
544 4052 668 4102 insecus
744 4050 894 4114 recollegit
915 4050 957 4103 ed.
978 4050 1079 4119 Nonne
1101 4051 1198 4112 colligit
1237 4046 1252 4062 “
1273 4048 1303 4100 n

1055 4544 1100 4595 2²³

10 4744 14 4811 ἑ
