3046 5092
169 337 229 399 118
533 327 612 371 DIAL.
629 329 654 372 V.
682 330 722 370 DE
737 331 789 370 IRA
804 330 858 373 Ltn.
875 329 914 372 Ill.
944 334 976 374 ll.
993 330 1026 372 ll.

164 478 297 557 adgredi
327 478 442 556 possit,
475 474 557 538 male
584 486 716 551 tractet,
747 477 898 539 attalem
923 480 1107 551 dumtaxat,
1139 474 1267 556 qualem
1294 475 1394 537 modo

163 583 282 658 rettuli,
314 582 428 658 feram,
460 583 635 658 inmanem,
666 584 909 664 sanguinariam,
941 605 1022 665 quae
1045 586 1107 645 iam
1131 582 1312 645 insanabilis
1337 592 1394 656 est,

161 691 218 752 nisi
243 693 343 752 maius
367 689 482 770 aliquid
506 689 724 752 extimuit.*'**

250 799 297 824 *'**
314 817 426 877 pacem
452 797 563 858 demus
587 799 701 872 animn,
726 818 821 879 quam
842 798 931 860 dabit
946 808 1191 878 praeceptorum
1208 796 1394 858 salutarium

134 906 294 965 aadsidua
325 903 490 965 meditatio
522 912 673 984 actusque
696 924 800 965 rerum
823 904 899 966 boni
923 914 954 966 et
971 907 1100 967 intenta
1123 924 1213 966 mens
1237 903 1279 965 ad
1305 905 1395 964 unius

161 1010 287 1073 honesti
310 1011 527 1090 cupiditatem.
566 1011 777 1073 conscientiae
801 1011 963 1075 satisfiat.
1001 1010 1044 1073 nil
1067 1014 1098 1072 in
1122 1009 1240 1073 famam
1265 1009 1393 1072 labore-

161 1139 246 1179 mus:
274 1128 422 1199 sequatur
444 1116 494 1179 uel
519 1118 611 1192 mala,
634 1117 710 1179 dum
734 1118 816 1179 bene
841 1121 999 1181 merentis.
1053 1127 1086 1182 at
1111 1117 1224 1199 uolgus
1248 1120 1395 1179 animosa

161 1226 290 1286 miratur
308 1234 346 1286 et
370 1226 505 1286 audaces
529 1225 559 1285 in
583 1224 705 1287 honore
725 1235 806 1300 sunt,
830 1225 944 1306 placidi
966 1246 1025 1306 pro
1050 1225 1200 1288 inertibus
1224 1225 1394 1286 habentur.

162 1334 264 1411 primo
296 1330 426 1394 forsitan
457 1334 619 1411 adspectu.
668 1332 724 1392 sed
755 1332 847 1394 simul
878 1333 1049 1413 aequalitas
1081 1334 1165 1394 uitae
1195 1331 1295 1394 fidem
1320 1331 1394 1394 fecit

125 1463 147 1500 ui
162 1459 226 1500 non
250 1440 415 1519 segnitiem
440 1439 524 1500 illam
549 1441 643 1500 animi
668 1460 745 1513 esse,
769 1441 827 1501 sed
850 1460 981 1519 pacem,
1005 1449 1171 1501 ueneratur
1194 1439 1266 1500 illos
1290 1458 1392 1521 popu-

160 1544 206 1607 lus
238 1547 322 1607 idem
355 1547 500 1627 colitque.
553 1546 629 1608 nihil
659 1566 737 1626 ergo
774 1546 872 1608 habet
902 1549 932 1607 in
964 1568 998 1608 se
1029 1548 1104 1608 utile
1135 1556 1237 1609 taeter
1268 1547 1330 1608 iste
1362 1555 1394 1607 et

158 1653 280 1715 hostilis
312 1651 469 1727 adfectus,
501 1663 534 1714 at
566 1653 673 1714 omnia
703 1673 745 1714 ex
769 1655 927 1715 contrario
951 1652 1050 1727 mala,
1082 1652 1198 1715 sermm
1230 1662 1264 1715 et
1295 1656 1394 1734 ignes.

158 1761 281 1840 pudore
319 1759 441 1823 calcato
480 1760 630 1822 caedibus
668 1762 840 1840 inquinauit
872 1780 999 1835 manuS,
1039 1760 1183 1822 membra
1214 1760 1397 1844 liberorum

140 1854 313 1949 ‚dispersit
349 1867 424 1928 nihil
449 1888 580 1929 uacuum
604 1866 766 1948 reliquita
787 1866 914 1941 scelere,
937 1888 1001 1928 non
1025 1866 1144 1946 gloriae
1167 1887 1302 1942 memor,
1327 1888 1389 1928 non

122 1997 144 2036 n
158 1975 304 2036 infamiae
328 1984 479 2048 metuens,
504 1974 751 2050 inemendabilis,
775 1995 847 2036 cum
872 1995 913 2035 ex
937 1977 982 2036 ira
1004 1977 1036 2036 in
1060 1976 1167 2036 odium
1193 1974 1355 2038 obcalluit.

248 2081 345 2143 XLII.
393 2080 564 2143 Careamus
595 2082 658 2143 hoc
688 2081 774 2143 malo
805 2092 1040 2165 purgemusque
1069 2092 1209 2143 mentem
1233 2091 1268 2143 et
1292 2083 1385 2144 extir-
1403 2100 1411 2150 i

158 2209 269 2271 pemus
293 2190 450 2262 radicitus
473 2208 554 2270 quae
578 2191 720 2268 quamuis
737 2189 842 2250 tenuia
857 2187 1077 2270 undecumque
1092 2172 1261 2263 haeserint,
1283 2209 1386 2250 renas-

159 2305 275 2375 centur.
308 2304 341 2356 et
363 2297 442 2356 iram
466 2316 529 2356 non
553 2305 779 2376 temperemus,
803 2297 860 2356 sed
885 2316 926 2356 ex
950 2304 1021 2358 toto
1039 2316 1268 2357 remoueamus.
1300 2297 1387 2378 quod

159 2406 241 2464 enim
266 2402 369 2463 malae
392 2404 436 2463 rei
459 2411 748 2484 temperamentum
773 2406 841 2464 est?
865 2402 1040 2482 poterimus
1065 2411 1180 2476 autem,
1205 2403 1386 2465 adnitamur

117 2528 143 2568 20
158 2512 266 2571 modo.
313 2529 371 2570 nec
403 2507 464 2569 ulla
495 2530 543 2570 res
575 2510 675 2590 magis
706 2511 848 2590 proderit
875 2530 970 2590 quam
1001 2510 1152 2590 cogitatio
1176 2509 1415 2576 mortalitatis?

157 2617 216 2678 sibi
246 2617 375 2698 quisque
407 2625 501 2698 atque
525 2617 613 2678 alteri
637 2618 740 2678 dicat:
775 2619 850 2699 quid
873 2619 957 2679 iuuat
980 2626 1144 2699 tamquam
1167 2617 1198 2677 in
1222 2627 1386 2680 aeternum

90 2749 92 2755 ’
157 2725 281 2804 genitos
305 2725 365 2785 iras
388 2725 524 2785 indicere
547 2733 579 2784 et
603 2725 819 2785 breuissimam
843 2732 982 2786 aetatem
999 2725 1180 2804 dissupare?
1205 2725 1282 2805 quid
1303 2725 1387 2787 iuuat

158 2831 240 2905 dies,
271 2852 351 2911 quos
382 2831 411 2890 in
442 2830 638 2911 uoluptatem
671 2829 839 2892 honestam
871 2831 1041 2911 inpendere
1068 2830 1154 2905 licet,
1185 2833 1214 2892 in
1241 2831 1387 2894 dolorem

157 2937 282 2999 alicuius
312 2945 570 3018 tormentumque
600 2936 787 2999 transferre?
824 2958 887 2999 non
911 2938 1037 3018 capiunt
1060 2958 1109 2998 res
1133 2939 1211 2998 istae
1234 2938 1387 3000 iacturam

117 3063 142 3102 aa
157 3066 215 3106 nec
246 3055 372 3126 tempus
404 3053 495 3106 uacat
526 3045 668 3125 perdere.
715 3045 789 3125 quid
822 3046 938 3106 ruimus
965 3046 996 3105 in
1019 3048 1180 3125 pugnam?
1219 3046 1296 3126 quid
1322 3059 1419 3112 cer-3

157 3153 276 3213 tamina
306 3151 398 3212 nobis
424 3152 635 3213 arcessimus?
674 3152 748 3231 quid
786 3151 991 3213 inbecillitatis
1024 3150 1112 3212 obliti
1143 3152 1283 3232 ingentia
1316 3153 1390 3214 odia

91 3278 93 3282 ·
157 3259 340 3339 suscipimus
365 3266 396 3318 et
420 3259 462 3319 ad
485 3256 693 3338 frangendum
712 3257 836 3337 fragiles
852 3258 1091 3338 consurgimus?
1115 3258 1179 3319 iam
1196 3258 1272 3320 istas
1288 3259 1388 3320 inimi·

158 3366 260 3438 citiaS,
291 3385 369 3445 quas
401 3363 576 3443 inplacabili
607 3365 747 3445 gerimus
780 3366 902 3437 anim0,
934 3362 1028 3425 febris
1058 3373 1113 3426 aut
1143 3364 1273 3445 aliquod
1305 3366 1390 3428 aliud

158 3471 276 3534 malum
312 3473 453 3553 corporis
485 3472 604 3533 uetabit
635 3473 710 3551 geri.
764 3472 825 3532 iam
857 3492 914 3552 par
944 3471 1130 3532 acerrimum
1162 3472 1270 3534 media
1301 3493 1389 3558 mors

116 3597 142 3636 ao
157 3580 288 3640 dirimet.
335 3580 409 3659 quid
441 3577 667 3663 tumultuamur
699 3588 730 3639 et
754 3579 850 3639 uitam
874 3578 1013 3659 seditiosi
1038 3578 1286 3640 conturbamus?
1328 3589 1419 3643 statl

155 3707 249 3767 supra
272 3695 366 3768 caput
389 3684 487 3747 satum
512 3694 543 3747 et
566 3685 725 3766 pereuntis
749 3686 815 3746 dies
839 3685 960 3765 inputat
983 3669 1175 3766 propiusque
1196 3682 1236 3747 'ac
1257 3687 1391 3768 propius

160 3866 371 3873 -.—.-——.

1054 3944 1057 3949 -
1291 3925 1301 3957 t

156 3988 172 4040 3
192 3989 259 4053 aliqd
279 3989 306 4055 (d
326 4003 364 4042 ex
386 3995 394 4037 t
414 3989 497 4054 corr.)
578 3986 593 4039 7
612 3995 725 4054 sequatur
741 3985 867 4057 plerique
887 3985 1051 4041 deteriores:
1072 3994 1202 4053 sequantur
1275 3972 1310 4055 a'd

244 4090 273 4116 no
1159 4088 1171 4116 C

155 4131 172 4183 8
191 4134 250 4182 inho
270 4149 295 4181 re
401 4132 416 4180 fl
436 4136 537 4196 aspectu
639 4131 711 4179 simul
731 4132 864 4195 aequalitas
884 4129 914 4182 H
916 4130 1057 4200 ettsfnper:
1079 4132 1166 4181 simula
1185 4134 1293 4198 qualitas

156 4221 184 4271 ‘ll
209 4223 253 4270 iste
274 4221 292 4287 (i
311 4218 339 4272 fn
358 4220 426 4287 ras.)
532 4218 565 4271 'l2
583 4220 689 4284 hostilis]
717 4237 753 4272 att
772 4221 905 4287 pestilens?
1010 4221 1042 4272 ff)
1062 4222 1179 4271 obcalluit
1198 4224 1214 4276 i.
1234 4224 1344 4274 induruit
1363 4224 1389 4277 in

155 4362 240 4415 irtam.
260 4349 329 4399 m.3
427 4345 455 4397 19
475 4341 592 4426 malperei
683 4345 713 4398 21
737 4298 816 4408 nilque
909 4345 943 4397 22
963 4346 1090 4409 dissppare
1179 4345 1215 4399 28
1235 4350 1306 4415 aliqd
1327 4351 1393 4399 aliud

156 4443 185 4507 (a
204 4448 230 4495 et
248 4445 264 4491 d
283 4444 366 4508 corr.)
445 4444 474 4495 :ll
499 4436 611 4516 ppliusffi
