3060 5078
495 306 666 349 PRAEFATIO
682 304 830 348 IOHANNIS
846 303 988 348 VAHLENI.
1315 302 1357 344 VII

121 454 235 516 codice
257 454 297 515 sit
319 457 376 516 boc
397 459 429 516 iu
451 471 510 515 uno
533 453 591 515 sed
614 450 737 515 litterae
759 455 790 512 in
812 470 832 511 u
854 470 874 510 a
897 458 1077 511 correctore
1100 449 1234 528 scriptae
1249 448 1311 511 sint
1326 448 1357 508 in

120 569 197 631 loco
220 589 301 643 raso,
324 569 466 650 suspicor
483 567 639 630 Senecam
665 567 790 629 dedisse
812 569 869 627 boc
893 569 1006 626 omuino
1029 566 1066 625 ab
1083 566 1258 626 animalibus
1273 568 1357 624 nutis

123 689 276 760 differunt,
300 692 335 745 ut
358 705 378 744 a
400 682 472 745 seris
489 682 591 744 oratio
616 683 658 743 ad
681 680 861 742 animalium
885 699 985 759 genus
1008 699 1104 740 omne
1127 679 1356 759 progrediatur,

60 825 63 832 ·
122 800 399 880 quemadmodum
416 799 457 859 de
473 799 519 860 ira
539 799 600 872 1,3
626 817 656 878 p.
673 804 725 869 bu,
749 799 767 859 3
792 795 936 856 scribitur
958 799 1013 856 sed
1035 798 1189 856 dicendum
1213 805 1254 869 est
1266 798 1356 869 seros

123 919 173 976 ira
196 933 304 976 carere
326 925 354 976 et
377 918 475 976 omnia
498 912 644 974 animalia
672 923 797 988 praeter
829 915 980 972 bominem.
1034 907 1087 972 Sic
1110 909 1210 982 enim,
1242 910 1353 972 addito

125 1033 296 1091 animalium
312 1027 479 1102 vocabulo,
507 1029 556 1090 edi
572 1028 733 1109 oportuit3
758 1045 831 1101 nam
850 1030 947 1088 omnia
963 1045 1022 1107 nec
1038 1025 1109 1086 lerri
1125 1045 1182 1106 per
1201 1046 1235 1086 se
1252 1044 1355 1105 neque

105 1141 238 1206 'abesse
268 1152 391 1225 potest,
421 1154 456 1206 ut
486 1145 560 1206 inde
589 1148 732 1206 animalia
755 1151 964 1222 recuperetur.
1012 1139 1102 1203 Conf.
1126 1140 1234 1203 deira
1258 1144 1286 1214 2,
1312 1142 1352 1202 lb

125 1283 154 1343 p.
181 1261 395 1334 68,11-15.
1214 1249 1215 1252 '
1335 1256 1336 1260 ’

79 1351 83 1362 ⁸
132 1389 137 1394 ·
215 1375 267 1436 De
288 1375 334 1436 ira
356 1377 389 1449 2,
411 1378 449 1437 10
473 1397 503 1457 p.
528 1377 579 1452 62,
596 1376 638 1436 26
662 1378 744 1435 Illud
761 1378 860 1449 potius
877 1376 1032 1449 bobilabis,
1057 1392 1117 1433 non
1141 1391 1202 1433 esse
1224 1376 1355 1433 irascen-

127 1496 195 1552 aun
219 1493 377 1552 enoribus.
402 1495 474 1568 qvid
496 1495 578 1564 enini
602 1494 627 1550 si
650 1495 714 1567 quis
736 1494 887 1550 irascatur
909 1495 939 1550 in
963 1491 1089 1550 tenebris
1110 1506 1218 1565 parurn
1235 1491 1359 1563 vestivia

126 1616 208 1668 certa
225 1608 426 1683 ponentibus?
449 1610 528 1682 quid,
551 1610 576 1666 si
599 1610 666 1683 quis
681 1609 780 1666 surdis
794 1608 918 1681 irnperio
934 1623 993 1664 non
1010 1605 1259 1664 exaudientibus?
1283 1607 1355 1680 quill

124 1728 151 1784 si
168 1727 281 1800 pueris,
305 1721 391 1799 quod
408 1728 540 1799 neclecta
565 1725 697 1798 dispectu
721 1724 899 1796 officiorum·
913 1723 956 1780 aa
977 1725 1057 1780 lnuu
1073 1731 1100 1780 et
1117 1722 1229 1795 ineptos
1246 1736 1361 1795 aequa-

126 1844 195 1900 lium
225 1841 305 1899 iocos
335 1842 486 1914 spectent?
518 1839 605 1918 qua,
637 1840 662 1896 si
692 1837 833 1896 inbecillis
855 1839 947 1896 irasci
969 1839 1055 1911 velis,
1086 1837 1167 1911 quavi
1194 1845 1361 1910 laborarunt,

125 1964 287 2032 senescunt,
308 1957 502 2028 fatuantur?
540 1950 656 2012 Kochii
680 1960 729 2012 est
751 1953 906 2014 inbecillis.
930 1951 1036 2010 codex
1059 1948 1157 2009 habet
1180 1954 1247 2029 iilis,
1271 1950 1360 2030 quod
1395 1922 1398 1930 ¹

126 2078 162 2130 ut
186 2078 234 2128 est
258 2069 476 2148 depravatum,
500 2068 543 2127 ita
565 2068 650 2128 varie
674 2074 880 2148 temptarunt,
905 2065 999 2140 nullo
1024 2067 1049 2126 si
1073 2067 1148 2145 quid
1165 2067 1268 2140 video,
1291 2086 1358 2127 suc-

126 2203 227 2246 cessu.
280 2183 364 2244 Nam
403 2203 461 2243 nec
499 2202 677 2262 pronomen
713 2183 864 2243 addendo
895 2181 1118 2273 stabiliendum
1150 2191 1232 2255 erat,
1271 2183 1360 2263 quod

127 2298 272 2360 Gertzius
304 2297 418 2373 voluit,
450 2303 507 2360 illis
536 2273 627 2359 irasci
649 2302 719 2359 velis
749 2297 810 2376 [qui
832 2299 981 2373 labuntur}
1007 2302 1088 2374 quoa
1110 2307 1269 2374 aearolant
1291 2308 1359 2369 cet,
1408 2301 1412 2315 “

128 2433 225 2476 eausa
255 2415 338 2474 enim
368 2413 521 2474 irascendi
552 2414 655 2494 ipsum
680 2422 728 2474 est
751 2421 918 2493 aegrotare
942 2423 974 2474 et
997 2431 1178 2490 senescere;
1212 2434 1270 2474 nec
1294 2418 1360 2474 aliis

127 2549 189 2610 pro
220 2533 276 2590 illis
303 2530 344 2589 de
369 2527 550 2589 Schultessii
573 2531 731 2590 sententia
754 2529 924 2609 reponitur.
939 2536 1039 2603 recte,
1073 2532 1222 2608 quoniam
1247 2521 1357 2608 aegro-

128 2655 199 2706 tare
222 2653 254 2704 et
277 2653 383 2704 cetera
406 2645 524 2705 cadunt
547 2644 642 2705 etiam
666 2644 697 2704 in
720 2642 789 2704 illos
812 2663 893 2723 quos
917 2652 991 2704 ante
1014 2640 1183 2724 appellavit
1206 2645 1355 2725 scriptor3

127 2761 269 2820 inbecillis
299 2767 404 2819 autem
438 2757 561 2838 longius
585 2779 604 2819 a
626 2778 703 2820 vero
728 2756 888 2832 abhorret,
912 2779 1015 2839 neque
1038 2760 1122 2819 enirn
1145 2758 1279 2821 inbecilli
1302 2757 1360 2820 soli

127 2882 296 2953 aegrotant
327 2882 359 2934 et
390 2882 567 2943 senescunt,
616 2873 720 2935 Immo
751 2883 825 2954 post
857 2873 1023 2953 singularia
1053 2875 1212 2954 quaedam
1244 2894 1360 2954 genera

126 2988 224 3051 allata
247 2990 425 3050 universum
442 2988 565 3050 Seneca
587 2988 815 3071 complectitur,
840 2987 980 3068 pleniore
1004 2990 1100 3050 etiam
1116 2991 1259 3050 oratione
1276 3010 1359 3063 usuS,

126 3104 172 3166 ad
194 3102 278 3164 hune
301 3105 453 3164 modum:
481 3109 553 3181 quia
573 3109 599 3165 si
620 3108 717 3166 ullis
739 3109 829 3165 irasci
852 3108 1020 3180 velis'quovi
1033 3114 1192 3181 aebrotalu
1207 3116 1360 3167 senescunt

121 3224 306 3296 fativaulur.

219 3333 269 3395 De
297 3335 341 3395 ira
366 3337 395 3407 2,
419 3337 460 3395 35
484 3355 514 3415 p.
540 3335 590 3408 82,
618 3335 655 3396 13
688 3339 837 3412 Numquid
867 3339 934 3396 velit
964 3340 1118 3412 quisquan
1146 3347 1205 3397 lavi
1227 3341 1359 3412 praviter

38 3453 44 3462 '
123 3455 239 3513 bostem
263 3454 377 3526 ferire,
408 3461 439 3509 ul
462 3455 608 3526 relinquat
632 3469 749 3511 uanrun
772 3455 803 3510 in
826 3456 945 3512 voluere
970 3461 996 3512 el
1019 3471 1051 3512 se
1074 3454 1112 3513 ab
1135 3456 1193 3511 ictu
1215 3469 1358 3513 reuocare

122 3584 189 3628 non
207 3569 323 3640 possit?
352 3571 433 3641 atqui
457 3570 516 3626 tale
543 3570 591 3626 ira
615 3569 700 3625 telum
725 3575 784 3625 est:
816 3569 865 3626 viv
886 3569 1056 3627 retrahitur.
1090 3586 1176 3628 arna
1199 3568 1283 3627 uobis
1306 3585 1358 3627 er-

121 3684 229 3758 pedita
248 3684 459 3756 prospicimus,
483 3684 616 3756 cladium
640 3684 819 3741 counradum
844 3690 870 3741 et
893 3682 1037 3742 babileus:
1060 3701 1118 3742 non
1142 3684 1294 3743 vitabimus
1316 3688 1357 3744 iu·

116 3804 212 3874 petus
235 3798 325 3855 animi
347 3797 400 3856 bos
423 3814 545 3871 proves,
573 3798 734 3869 funerosus
762 3805 790 3855 et
811 3798 1044 3858 inrevocabiles?
1082 3796 1173 3857 Haec
1195 3806 1358 3887 postrema

122 3928 238 3991 proves
257 3914 416 3985 funerosus
439 3921 466 3971 et
488 3912 700 3972 inrevocabiles
715 3908 859 3970 Kochius
882 3911 987 3988 posuit
1003 3912 1105 3972 codici
1121 3911 1356 3992 obtemperans

122 4028 159 4088 in
182 4045 247 4105 quo
270 4024 320 4086 ille
332 4031 492 4102 funerosos
506 4027 572 4087 sive
585 4030 743 4100 fuveresos
757 4026 816 4086 sibi
832 4027 915 4086 visus
932 4035 981 4088 est
996 4035 1047 4087 sat
1062 4037 1147 4087 certo
1164 4026 1354 4106 dispexisse:

121 4139 178 4203 alii
207 4139 266 4202 alia
297 4143 497 4203 coniecerunt
528 4143 654 4222 decepti
686 4138 765 4201 falso
794 4141 838 4202 de
868 4140 1075 4204 Ambrosiani
1105 4140 1173 4203 libri
1204 4143 1357 4223 scriptura

72 4282 80 4293 ³
120 4255 284 4321 indiculo:
309 4276 418 4334 vravcs
430 4261 554 4332 saeuae
578 4266 605 4319 et
627 4259 841 4318 inrevocabiles
863 4256 1060 4339 Madvigius3
1087 4277 1203 4334 proves·
1214 4260 1357 4332 funebres

121 4382 155 4436 el
186 4375 396 4434 inrevocabiles
426 4371 570 4434 Haasius.
624 4370 690 4434 Sed
720 4392 780 4434 nec
807 4376 965 4447 funerosus
995 4371 1084 4434 facile
1112 4373 1294 4454 probaveris
1325 4370 1357 4435 et
