3046 5092
244 316 303 379 186
543 311 620 354 DIAL.
631 308 690 355 v111.
719 312 761 351 AD
776 309 917 351 SERENVM
932 309 973 352 Da
988 310 1071 355 OTIO.
1099 313 1120 356 3.
1134 313 1155 355 4.

239 458 363 519 diuersa
394 459 442 519 uia
473 457 577 519 mittit.
632 457 784 538 Epicurus
815 457 873 518 ait:
908 467 972 518 non
1003 458 1134 521 accedet
1161 459 1202 520 ad
1234 457 1467 540 rempublicam

237 565 377 645 sapiens,
408 564 464 625 nisi
494 562 520 625 si
550 564 627 644 quid
658 564 864 626 interuenerit.
911 565 1020 626 Zenon
1052 567 1113 628 ait:
1147 567 1279 628 accedet
1310 567 1352 628 ad
1380 587 1466 629 rem-

237 669 408 752 publicam,
432 670 537 732 nisisi
560 669 635 752 quid
667 671 840 752 inpedierit.
894 669 973 733 alter
997 672 1095 734 otium
1120 692 1162 735 ex
1185 674 1351 754 proposito
1374 673 1502 754 petit,3

238 775 317 838 alter
348 797 390 838 ex
422 798 523 840 causa.
570 797 664 839 causa
694 786 800 838 autem
832 775 883 841 illa
912 776 975 840 late
1003 787 1099 859 patet.
1145 779 1170 840 si
1193 778 1371 861 ¹respublica
1393 800 1465 842 cor-

212 886 358 965 rruptior
381 892 430 945 est
453 905 547 964 quam
571 892 606 944 ut
628 884 766 946 adiuuari
789 885 896 965 possit,
920 885 946 946 si
968 894 1123 967 occupata
1145 893 1194 947 est
1217 906 1238 946 a
1262 883 1367 960 malis,
1398 906 1468 948 non

237 992 353 1053 nitetur
382 991 506 1071 sapiens
536 993 567 1052 in
598 1011 827 1072 superuacuum
855 1011 914 1053 nec
937 1012 972 1055 se
994 989 1068 1053 nihil
1091 990 1269 1072 profuturus
1292 993 1464 1073 inpendet:

237 1099 263 1160 si
293 1118 404 1180 parum
433 1096 565 1160 habebit
588 1098 782 1161 auctoritatis
805 1106 859 1161 aut
882 1098 992 1161 uirium
1015 1118 1074 1162 nec
1096 1097 1183 1160 illum
1207 1099 1264 1160 erit
1287 1098 1469 1161 admissura

166 1212 173 1224 ’
238 1202 428 1285 respublica,
459 1204 485 1266 si
517 1203 666 1267 ualetudo
696 1203 781 1266 illum
804 1205 958 1285 inpediet,
988 1206 1153 1286 quomodo
1176 1225 1291 1267 nauem
1314 1225 1467 1285 quassam
1487 1222 1504 1274 4

238 1331 302 1371 non
332 1310 505 1372 deduceret
535 1312 566 1373 in
596 1331 698 1385 mare,
732 1311 896 1392 quomodo
927 1331 1044 1373 nomen
1066 1315 1098 1375 in
1122 1310 1262 1374 militiam
1285 1331 1350 1373 non
1373 1310 1469 1374 daret

200 1433 224 1474 ιο
238 1415 366 1492 debilis,
398 1418 442 1482 sic
464 1418 506 1478 ad
529 1417 602 1493 iter,
625 1419 700 1499 quoi
723 1416 892 1481 inhabilem
916 1438 950 1479 se
973 1418 1057 1494 sciet,
1080 1439 1145 1506 non
1169 1418 1308 1481 accedet.
1354 1427 1469 1499 potest

238 1542 315 1603 ergo
347 1532 378 1586 et
409 1521 475 1598 ille,
505 1526 554 1587 cui
577 1523 693 1586 omnia
724 1522 827 1585 adhuc
857 1523 887 1583 in
918 1523 1044 1603 integro
1073 1532 1159 1597 sunt,
1191 1531 1363 1604 antequam
1385 1523 1468 1587 ullas

237 1632 417 1712 experiatur
440 1638 654 1711 tempestates
679 1632 710 1692 in
734 1639 804 1692 tuto
828 1628 998 1691 subsistere
1021 1639 1054 1692 et
1077 1629 1219 1712 protinus
1235 1631 1468 1695 commendare

236 1757 271 1799 se
294 1736 387 1800 bonis
410 1736 530 1800 artibus
554 1746 587 1799 et
609 1735 773 1800 inlibatum
791 1740 892 1799 otium
908 1738 1045 1818 exigere,
1071 1739 1232 1799 uirtutium
1249 1735 1359 1812 cultor,
1382 1759 1469 1818 quae

238 1847 378 1907 exerceri
401 1847 498 1906 etiam
521 1844 720 1925 quietissimis
743 1852 882 1927 possunt.
922 1842 984 1905 hoc
1007 1863 1123 1925 nempe
1146 1842 1187 1906 ab
1210 1842 1340 1906 homine
1363 1845 1467 1924 exigi·
1490 1862 1508 1915 5

200 1966 223 2007 ¹⁵
238 1961 304 2025 tur,
335 1960 370 2013 ut
392 1953 493 2031 prosit
516 1949 712 2025 hominibuS,
744 1951 769 2012 si
792 1949 857 2012 fieri
879 1959 1003 2030 potest,
1027 1949 1140 2026 multis,
1164 1950 1189 2011 si
1213 1952 1323 2026 minus,
1347 1953 1470 2032 pauciS,

237 2058 263 2119 si
294 2059 410 2133 minus,
441 2059 612 2138 proximis,
643 2059 669 2120 si
699 2060 816 2132 minus,
847 2057 914 2120 sibi.
959 2077 1033 2120 nam
1065 2077 1138 2120 cum
1161 2077 1196 2118 se
1219 2055 1328 2120 utilem
1352 2061 1469 2122 ceteris

238 2163 338 2239 efficit,
362 2184 530 2227 commune
553 2161 619 2244 agit
642 2166 815 2245 negotium.
845 2165 1011 2245 quomodo
1034 2166 1086 2244 qui
1110 2184 1144 2225 se
1168 2164 1358 2226 deteriorem
1382 2163 1469 2241 facit,

238 2293 302 2333 non
325 2271 384 2335 sibi
407 2271 631 2335 tantummodo
655 2280 759 2346 nocet,
782 2273 840 2333 sed
864 2273 960 2334 etiam
983 2270 1130 2333 omnibus
1147 2273 1199 2345 eis,
1222 2270 1337 2351 quibus
1354 2270 1470 2334 melior

238 2378 338 2442 sactus
369 2380 521 2460 prodesse
552 2359 724 2460 potuisset:
754 2381 799 2440 sic
829 2380 968 2459 quisquis
991 2378 1080 2449 bene·
1097 2378 1138 2440 de
1160 2397 1195 2439 se
1218 2385 1372 2452 meretur,
1388 2400 1390 2404 ·
1405 2377 1470 2440 hoc

199 2497 225 2539 2⁰
240 2486 308 2569 ipso
332 2485 398 2549 aliis
420 2485 562 2567 prodest,
585 2485 673 2566 quod
696 2484 755 2548 illis
779 2483 977 2568 profuturum
1000 2493 1100 2566 parat.

327 2593 381 2655 IV.
431 2594 503 2674 [31.]
550 2593 639 2655 Duas
675 2591 865 2674 respublicas
900 2594 1006 2655 animo
1041 2587 1294 2672 conplectamur‚
1332 2589 1506 2663 alteramr

148 2723 155 2730 ·
240 2720 389 2782 magnam
413 2709 445 2762 et
469 2720 543 2762 uere
565 2698 740 2782 publicam,
764 2721 827 2780 qua
849 2699 880 2763 di
902 2708 999 2780 atque
1021 2697 1167 2761 homines
1190 2699 1407 2773 continentur,
1438 2699 1470 2759 in

238 2829 302 2890 qua
323 2828 388 2870 non
410 2807 451 2871 ad
474 2806 557 2868 hunc
580 2805 728 2888 angulum
753 2809 934 2889 respicimus
958 2814 1012 2868 aut
1035 2806 1077 2867 ad
1100 2803 1202 2879 illum,
1229 2806 1288 2866 sed
1311 2807 1469 2867 terminos

239 2917 374 2979 ciuitatis
406 2924 535 2977 nostrae
566 2934 637 2976 cum
669 2913 736 2978 sole
767 2916 928 2977 metimur:
962 2911 1110 2987 alteram,
1141 2913 1190 2973 cui
1217 2931 1276 2973 nos
1299 2911 1469 2992 adscripsit

95 3053 96 3056 ¹
198 3033 224 3073 2⁵
239 3023 382 3086 condicio
414 3022 571 3084 nascendi.
617 3020 697 3084 haec
726 3029 779 3083 aut
802 3018 1046 3083 Atheniensium
1070 3020 1128 3080 erit
1150 3026 1204 3081 aut
1228 3015 1468 3098 Carthaginien-

238 3131 333 3205 sium,
366 3137 420 3192 aut
450 3127 575 3191 alterius
607 3127 734 3191 alicuius
766 3127 867 3202 urbis,
898 3147 980 3208 quae
1011 3145 1075 3187 non
1106 3124 1146 3188 ad
1177 3127 1279 3187 omnis
1310 3125 1469 3205 pertineat

238 3235 392 3310 homines,
417 3237 474 3298 sed
496 3237 539 3298 ad
562 3244 677 3298 certos.
708 3235 838 3316 quidam
862 3234 978 3296 eodem
1002 3243 1149 3314 tempore
1172 3233 1296 3312 utrique
1319 3231 1468 3313 reipubli-

239 3343 395 3404 caedant
419 3362 565 3423 operam,
589 3344 700 3405 maiori
724 3343 915 3423 minorique,
939 3340 1067 3422 quidam
1091 3348 1215 3402 tantum
1240 3340 1369 3412 minori,
1401 3341 1466 3419 qui-

239 3450 314 3512 dam
345 3458 469 3512 tantum
498 3452 617 3513 maiori.
662 3447 735 3511 huic
758 3450 868 3511 maiori
891 3445 1080 3529 reipublicae
1103 3455 1137 3508 et
1159 3448 1190 3508 in
1214 3447 1282 3507 otio
1308 3445 1501 3515 deseruire2

239 3663 414 3727 3impedierit
507 3640 631 3728 dresp.
723 3660 837 3725 dquam
856 3665 881 3709 ut
899 3656 997 3728 uulqo:
1019 3662 1068 3724 quia
1158 3661 1279 3721 occupata
1298 3653 1464 3710 deteriores:

240 3750 350 3801 osculata
441 3767 455 3799 a
473 3751 545 3799 malis
557 3746 687 3819 Madnip:
709 3749 780 3798 malis
793 3745 852 3801 eod.
866 3745 942 3818 quod
952 3746 978 3800 si
988 3744 1111 3799 datiuum
1123 3760 1183 3799 esse
1196 3742 1327 3798 uetur'sret
1338 3743 1467 3815 scriptor,

239 3855 600 3927 embiprritetr'serimerrnon
613 3853 748 3926 essuperet
819 3836 938 3906 aresi.
1011 3853 1121 3901 ualitudo
1193 3851 1312 3915 impediet
1384 3849 1466 3903 inter·

236 3963 409 4034 punctionem
428 3961 582 4017 emendarit
603 3960 692 4023 Gertz,
717 3959 885 4031 uulpabetur
902 3958 972 4014 enim
990 3959 1116 4023 impediet.
1135 3957 1263 4022 quomodo
1356 3954 1389 4007 10
1415 3939 1469 4005 adii

327 4053 385 4118 quoi
404 4053 539 4102 inhabilem
559 4068 584 4100 se
603 4053 663 4102 sciet
676 4048 791 4120 Medur'p
811 4049 945 4119 (quemuis
964 4062 1018 4101 non
1037 4047 1125 4099 minus
1143 4052 1246 4099 rectem
1264 4043 1301 4097 sit
1313 4045 1346 4093 ad
1358 4045 1425 4110 quod
1437 4049 1467 4096 ut

240 4146 264 4203 5,
283 4140 324 4210 4):
345 4142 413 4206 quod
431 4140 542 4190 inhabile
560 4141 619 4189 sciet
739 4137 772 4190 13
798 4139 870 4187 bonis
890 4135 949 4189 ΕΜ
970 4137 1043 4186 nobis
1145 4140 1167 4183 et
1193 4133 1316 4183 illibatum
1335 4129 1463 4201 Maduiq:

239 4237 262 4281 et
281 4233 305 4280 in
324 4231 392 4280 illum
411 4231 487 4282 beatu
578 4230 678 4280 uirtutiu
699 4228 737 4295 (in
756 4225 854 4280 litteris
872 4228 890 4276 ti
908 4222 1016 4295 aliquid
1033 4223 1117 4290 rorr.)
1208 4221 1242 4274 15
1261 4226 1365 4288 potest*
1391 4219 1464 4290 (rae,

236 4317 360 4388 fortasse
374 4319 481 4389 purete)
573 4319 605 4370 21
626 4319 819 4382 complectamur
908 4314 942 4367 22
962 4315 996 4363 dii
1086 4311 1120 4366 23
1143 4312 1208 4364 hunc
1228 4310 1257 4377 (h
1276 4324 1359 4374 corr,
1374 4307 1432 4378 fuit
1447 4305 1466 4376 i)

327 4423 362 4479 27
381 4427 415 4500 rei
424 4409 465 4480 p·
555 4423 589 4478 28
608 4424 722 4490 minori*
801 4402 863 4475 '29
883 4405 965 4474 rei.13.
