3046 5092
155 331 218 395 268
330 327 407 368 DlAL.
423 326 463 369 XI.
492 327 533 367 AD
548 327 684 368 HELVIAM
699 328 829 369 MATREM
845 330 884 368 DE
899 328 1141 381 CONSOLATIONE,
1172 331 1202 373 18.

156 481 248 553 potes
272 473 397 536 alterius
421 473 574 554 dignitate
597 472 732 548 defendi,
756 474 880 536 alterius
903 476 970 536 otio
994 474 1060 536 frui.
1099 475 1267 537 certabunt
1290 476 1321 537 in
1346 485 1378 537 te

153 578 261 642 officiis
292 589 324 641 et
351 581 439 642 unius
462 580 651 642 desiderium
676 581 811 642 duorum
834 584 953 662 pietate
975 581 1178 662 supplebitur.
1225 583 1378 644 audacter

153 707 282 768 possum
305 690 505 769 promittere,
530 685 604 748 nihil
627 686 682 748 tibi
705 689 805 749 deerit
828 696 953 769 praeter
977 708 1151 749 numerum.
1199 688 1240 749 ab
1265 687 1314 749 his
1337 689 1379 749 ad

152 799 297 875 nepotes
310 815 437 875 quoque
460 795 597 876 respice:
630 794 772 856 Marcum
796 794 1037 857 blandissimum
1060 815 1200 876 puerum,
1225 795 1268 856 ad
1292 797 1379 856 cuius

127 909 358 982 sconspectum
382 901 466 962 nulla
489 909 595 982 potest
620 901 731 962 durare
755 902 885 962 tristitia.
931 901 1006 962 nihil
1030 910 1096 962 tam
1120 922 1280 978 magnum,
1305 899 1379 962 nihil

153 1016 219 1069 tam
243 1028 352 1070 recens
376 1009 407 1070 in
430 1010 611 1088 cuiusquam
636 1017 766 1087 pectore
789 1008 887 1081 suerit,
911 1009 999 1087 quod
1023 1028 1087 1068 uon
1111 1007 1315 1069 circumfusus
1330 1006 1381 1068 ille

153 1114 355 1194 permulceat.
402 1117 488 1176 cuius
519 1134 583 1175 non
614 1113 759 1175 lacrimas
788 1113 867 1175 illius
898 1113 1034 1176 hilaritas
1058 1114 1254 1195 supprimat?
1295 1115 1382 1175 cuius

154 1242 217 1282 non
242 1228 438 1283 contractum
462 1220 669 1282 sollicitudine
693 1221 832 1282 animum
856 1220 936 1282 illius
954 1222 1095 1298 argutiae
1111 1220 1261 1304 soluant?⁴
1283 1241 1385 1301 quem

154 1348 217 1388 uon
249 1316 279 1388 in
310 1329 397 1389 iocos
421 1326 567 1388 euocabit
590 1326 641 1388 illa
664 1326 807 1388 lasciuia?
840 1347 935 1407 quem
959 1327 1076 1387 nonin
1100 1346 1135 1388 se
1158 1335 1326 1388 conuertet
1350 1336 1392 1389 et:

115 1451 138 1490 ru
153 1432 293 1495 abducet
323 1432 456 1495 infixum
489 1433 734 1513 cogitationibus
764 1433 816 1494 illa
838 1434 996 1494 neminem
1021 1434 1169 1494 satiatura
1193 1432 1390 1512 garrulitas?

154 1539 232 1601 deos
257 1561 323 1614 oro,
347 1540 513 1620 contingat
536 1538 619 1601 huuc
641 1539 760 1602 habere
783 1540 875 1601 nobis
898 1541 1118 1621 superstitem:
1144 1541 1175 1600 in
1199 1559 1253 1600 me
1277 1540 1389 1602 omnis
1415 1565 1426 1606 r

153 1645 289 1709 satorum
313 1646 479 1709 crudelitas
502 1647 618 1709 lassata
641 1648 811 1709 consistat:
838 1647 991 1727 quidquid
1014 1649 1106 1708 matri
1124 1646 1300 1708 dolendum
1317 1645 1383 1722 fuit,
1409 1717 1426 1732 .

153 1754 183 1814 in
215 1775 266 1816 me
297 1756 469 1828 transierit,
501 1753 653 1833 quidquid
667 1753 785 1827 auiae,
816 1754 846 1814 in
878 1774 937 1815 me.
984 1752 1096 1814 floreat
1126 1753 1245 1834 reliqua
1268 1753 1300 1814 in
1324 1773 1383 1831 suo
1408 1794 1426 1805 -

153 1868 237 1921 statu
267 1861 378 1922 turba:
413 1859 487 1921 nihil
518 1862 559 1921 de
590 1860 742 1934 orbitate,
775 1859 849 1921 nihil
879 1859 920 1920 de
954 1860 1139 1922 condicione
1163 1880 1236 1921 mea
1259 1879 1380 1941 querar,

117 1986 139 2024 u
154 1965 263 2029 fuerim
287 1976 410 2029 tantum
435 1967 507 2029 nihil
530 1967 663 2048 amplius
687 1967 842 2029 doliturae
865 1968 979 2028 domus
1003 1967 1207 2048 piamentum.
1253 1974 1330 2028 tene
1352 1968 1406 2034 in7

154 2074 275 2158 gremio
300 2075 362 2135 cito
386 2074 442 2135 tibi
467 2074 611 2135 daturam
635 2083 829 2153 pronepotes
853 2073 1064 2148 Nouatillam,
1087 2093 1183 2154 quam
1206 2073 1252 2134 sic
1275 2074 1306 2134 in
1330 2093 1379 2134 me

155 2179 391 2252 transtuleram,
422 2181 466 2242 sic
497 2179 572 2243 mihi
603 2181 848 2260 adscripseram,
880 2188 914 2240 ut
936 2188 1046 2261 posset
1070 2180 1185 2253 uideri,
1215 2180 1307 2259 quod
1331 2200 1379 2242 me

155 2287 272 2361 amisit,
312 2287 456 2367 quamuis
494 2287 583 2348 saluo
621 2296 712 2368 patre
750 2286 874 2368 pupilla.
921 2285 1003 2347 hanc
1038 2293 1071 2348 et
1101 2306 1159 2367 pro
1191 2306 1245 2347 me
1277 2286 1379 2366 dilige.

80 2429 84 2434 ·
156 2392 284 2454 abstulit
313 2393 354 2455 illi
384 2415 482 2474 nuper
507 2394 632 2456 fortuna
656 2378 809 2455 matrem:
843 2402 898 2455 tua
920 2401 1027 2474 potest
1050 2391 1174 2454 efficere
1198 2393 1317 2472 pietas,
1347 2402 1381 2454 ut

116 2519 141 2558 ru
155 2501 329 2582 perdidisse
352 2521 386 2562 se
410 2509 545 2564 matrem
570 2499 679 2563 doleat
701 2509 834 2574 tantum,
858 2520 922 2560 uon
946 2508 978 2560 et
1001 2501 1123 2575 sentiat.
1167 2519 1252 2561 nunc
1274 2518 1412 2566 moress

156 2607 221 2668 eius
252 2627 414 2688 conpone,
453 2628 535 2669 nuuc
567 2606 686 2668 forma:
725 2605 816 2668 altius
847 2613 1017 2687 praecepta
1048 2607 1261 2680 descendunt,
1300 2625 1381 2686 quae

156 2715 271 2775 teneris
294 2715 502 2795 inprimuntur
525 2714 689 2776 aetatibus
720 2715 781 2775 tuis
804 2713 971 2773 adsuescat
994 2712 1201 2774 sermonibus
1232 2712 1275 2773 ad
1291 2721 1381 2774 tuum

156 2820 291 2900 fingatur
314 2821 493 2882 arbitrium:
520 2820 652 2881 multum
676 2819 716 2880 illi
740 2818 838 2894 dabis,
864 2819 986 2881 etiamsi
1008 2818 1081 2880 nihil
1106 2819 1233 2880 dederis
1255 2826 1383 2898 praeter

157 2927 350 3009 exemplum.
395 2926 457 2988 hoc
494 2927 550 2989 tibi
587 2938 652 2988 tam
683 2925 837 2988 sollemne
868 2924 1005 2986 officium
1036 2945 1095 3006 pro
1126 2924 1270 2986 remedio
1303 2925 1380 2986 erit:

116 3051 142 3090 rs
156 3054 221 3094 non
250 3042 358 3115 potest
389 3034 472 3094 euim
504 3034 642 3095 animum
673 3033 724 3113 pie
755 3031 920 3093 dolentem
953 3051 971 3092 a
1001 3024 1207 3104 sollicitudine
1238 3039 1385 3093 auertere

156 3141 212 3202 nisi
249 3150 301 3201 aut
337 3114 416 3202 ratio
452 3148 506 3201 aut
537 3139 671 3202 honesta
702 3139 877 3220 occupatio·
924 3157 1122 3199 numerarem
1153 3138 1234 3198 inter
1264 3158 1416 3219 magnas

157 3247 273 3309 solacia
295 3256 419 3329 patrem
443 3267 569 3328 quoque
592 3255 690 3320 tuum,
715 3246 772 3307 nisi
794 3245 928 3307 abesset.
960 3265 1042 3305 nunc
1065 3252 1173 3325 tamen
1195 3264 1239 3305 ex
1254 3243 1383 3320 adfectu

157 3362 221 3428 tu0,
245 3355 313 3435 quis
335 3353 413 3417 illius
436 3355 467 3415 in
490 3363 523 3416 te
546 3354 585 3415 sit
609 3354 733 3433 cogita:
760 3352 931 3432 intelleges
955 3360 1075 3432 quanto
1098 3350 1206 3412 iustius
1229 3336 1270 3412 s‘it
1293 3359 1328 3413 te
1342 3350 1384 3413 illi

157 3462 273 3522 seruari
304 3480 399 3542 quam
431 3460 506 3522 mihi
536 3461 674 3542 inpendi.
720 3460 866 3540 quotiens
889 3467 922 3520 te
937 3458 1103 3519 inmodica
1125 3459 1171 3518 uis
1194 3456 1315 3519 doloris
1339 3458 1382 3519 iu-

117 3586 142 3625 uu
158 3569 272 3630 uaserit
303 3576 333 3629 et
364 3569 451 3648 sequi
481 3588 516 3629 se
546 3567 683 3640 iubebit,
714 3574 837 3648 patrem
868 3565 984 3644 cogita.
1028 3549 1140 3655 cuitu
1172 3565 1301 3644 quidem
1333 3572 1383 3626 tot

157 3683 289 3756 nepotes
319 3683 576 3756 pronepotesque
606 3675 714 3734 dando
745 3672 890 3746 effecisti,
921 3692 961 3733 ne
985 3672 1074 3732 unica
1097 3691 1202 3732 esses:
1234 3691 1408 3737 consum.

158 3783 255 3843 matio
286 3790 394 3843 tamen
425 3783 537 3843 aetatis
568 3790 657 3842 actae
680 3779 808 3841 feliciter
831 3780 862 3839 in
884 3787 917 3840 te
939 3778 1076 3843 uertitur.
1122 3777 1176 3838 illo
1198 3777 1272 3838 uiuo
1296 3775 1383 3838 nefas

158 3897 206 3950 est
229 3897 269 3963 te,
293 3889 381 3969 quod
405 3888 528 3962 uixeris,
551 3887 646 3967 queri.

158 4061 241 4115 1,Μ.
333 4064 418 4115 tisurit
433 4060 516 4116 Gertz
529 4068 627 4116 lentore
718 4062 839 4114 tilaritas
880 4044 884 4053 Ι
931 4060 963 4112 10
982 4060 1131 4125 garrutilitas
1222 4059 1256 4110 12
1276 4022 1382 4110 dolendi]

267 4151 298 4204 13
325 4154 378 4202 auie
488 4151 520 4204 14
545 4157 609 4219 post
627 4167 713 4216 querar
732 4165 835 4203 comma
853 4165 907 4201 rrorr
920 4155 1053 4217 punctum
1070 4147 1163 4218 posuit
1183 4145 1265 4200 Gertz

160 4258 192 4310 17
213 4265 294 4323 posset
308 4260 327 4325 (t
340 4259 366 4312 in
379 4257 447 4326 raa)
539 4257 572 4311 18
591 4258 685 4323 pupilla
703 4259 768 4306 hanc
839 4257 840 4262 ’
860 4256 891 4309 19
911 4232 966 4321 pii
974 4257 1071 4305 efficere
1090 4255 1216 4326 (praeter
1229 4273 1262 4319 po
1275 4254 1303 4306 iu
1316 4252 1382 4320 ras.)

266 4348 297 4400 21
319 4365 442 4413 compone
532 4347 566 4400 22
585 4353 707 4396 assuescat
727 4344 832 4415 (prima
849 4363 861 4395 s
877 4345 960 4409 corr.)
1052 4344 1086 4397 27
1104 4345 1199 4394 solacia
1218 4343 1245 4409 (a
1258 4348 1382 4396 extranea

160 4434 187 4490 ln
206 4434 272 4506 raa.)
362 4436 395 4491 29
415 4438 524 4507 impendi
615 4435 647 4488 31
668 4435 821 4487 consumatio
912 4433 945 4486 33
965 4434 1033 4501 queri
