<?xml version="1.0" encoding="UTF-8"?>
<!DOCTYPE html PUBLIC "-//W3C//DTD XHTML 1.0 Transitional//EN"
    "http://www.w3.org/TR/xhtml1/DTD/xhtml1-transitional.dtd">
<html xmlns="http://www.w3.org/1999/xhtml" xml:lang="en" lang="en">
 <head>
  <title>
</title>
<meta http-equiv="Content-Type" content="text/html;charset=utf-8" />
  <meta name='ocr-system' content='tesseract 3.04.00' />
  <meta name='ocr-capabilities' content='ocr_page ocr_carea ocr_par ocr_line ocrx_word'/>
</head>
<body>
  <div class='ocr_page' id='page_1' title='image "./lannaeisenecaed00vahlgoog_0170.png"; bbox 0 0 3046 5092; ppageno 0'>
   <div class='ocr_carea' id='block_1_1' title="bbox 319 334 1320 403">
    <p class='ocr_par' dir='ltr' id='par_1_1' title="bbox 319 334 1320 403">
     <span class='ocr_line' id='line_1_1' title="bbox 319 334 1320 403; baseline 0.003 -27"><span class='ocrx_word' id='word_1_1' title='bbox 319 336 398 379; x_wconf 77' lang='lat' dir='ltr'>DlAL.</span> <span class='ocrx_word' id='word_1_2' title='bbox 412 337 450 378; x_wconf 90' lang='lat' dir='ltr'>v1.</span> <span class='ocrx_word' id='word_1_3' title='bbox 479 337 522 375; x_wconf 79' lang='lat' dir='ltr'>AD</span> <span class='ocrx_word' id='word_1_4' title='bbox 537 335 679 376; x_wconf 77' lang='lat' dir='ltr'>MARCIAM</span> <span class='ocrx_word' id='word_1_5' title='bbox 694 335 734 375; x_wconf 87' lang='lat' dir='ltr'>DE</span> <span class='ocrx_word' id='word_1_6' title='bbox 749 334 991 376; x_wconf 77' lang='lat' dir='ltr'>CONSOLATIONE.</span> <span class='ocrx_word' id='word_1_7' title='bbox 1023 337 1055 377; x_wconf 82' lang='lat'>10.</span> <span class='ocrx_word' id='word_1_8' title='bbox 1072 337 1104 379; x_wconf 86' lang='lat' dir='ltr'>ll.</span> <span class='ocrx_word' id='word_1_9' title='bbox 1122 363 1125 369; x_wconf 90' lang='lat'>·</span> <span class='ocrx_word' id='word_1_10' title='bbox 1265 342 1320 403; x_wconf 72' lang='lat'>¹31</span> 
     </span>
    </p>
   </div>
   <div class='ocr_carea' id='block_1_2' title="bbox 55 480 1388 2913">
    <p class='ocr_par' dir='ltr' id='par_1_2' title="bbox 95 480 1330 776">
     <span class='ocr_line' id='line_1_2' title="bbox 96 480 1330 562; baseline -0.006 -18"><span class='ocrx_word' id='word_1_11' title='bbox 96 481 289 545; x_wconf 85' lang='lat' dir='ltr'><strong>morborum</strong></span> <span class='ocrx_word' id='word_1_12' title='bbox 312 483 403 544; x_wconf 90' lang='lat' dir='ltr'>uariis</span> <span class='ocrx_word' id='word_1_13' title='bbox 427 480 594 562; x_wconf 90' lang='lat' dir='ltr'>generibus</span> <span class='ocrx_word' id='word_1_14' title='bbox 618 488 814 542; x_wconf 84' lang='lat' dir='ltr'>emaceratos</span> <span class='ocrx_word' id='word_1_15' title='bbox 838 481 890 542; x_wconf 94' lang='lat' dir='ltr'>diu</span> <span class='ocrx_word' id='word_1_16' title='bbox 913 481 994 542; x_wconf 92' lang='lat' dir='ltr'>inter</span> <span class='ocrx_word' id='word_1_17' title='bbox 1009 481 1106 542; x_wconf 89' lang='lat' dir='ltr'>uitam</span> <span class='ocrx_word' id='word_1_18' title='bbox 1123 488 1330 561; x_wconf 88' lang='lat' dir='ltr'>mortemque.</span> 
     </span>
     <span class='ocr_line' id='line_1_3' title="bbox 95 587 1326 669; baseline -0.001 -18"><span class='ocrx_word' id='word_1_19' title='bbox 95 590 225 651; x_wconf 89' lang='lat' dir='ltr'>medios</span> <span class='ocrx_word' id='word_1_20' title='bbox 257 589 418 651; x_wconf 88' lang='lat' dir='ltr'><strong>detinebit.</strong></span> <span class='ocrx_word' id='word_1_21' title='bbox 463 598 497 650; x_wconf 93' lang='lat' dir='ltr'>ut</span> <span class='ocrx_word' id='word_1_22' title='bbox 528 589 613 650; x_wconf 89' lang='lat' dir='ltr'>uaria</span> <span class='ocrx_word' id='word_1_23' title='bbox 641 597 673 650; x_wconf 91' lang='lat' dir='ltr'>et</span> <span class='ocrx_word' id='word_1_24' title='bbox 696 587 861 648; x_wconf 92' lang='lat' dir='ltr'>libidinosa</span> <span class='ocrx_word' id='word_1_25' title='bbox 884 588 1174 669; x_wconf 87' lang='lat' dir='ltr'>mancipiorumque</span> <span class='ocrx_word' id='word_1_26' title='bbox 1197 608 1326 650; x_wconf 91' lang='lat' dir='ltr'>suorum</span> 
     </span>
     <span class='ocr_line' id='line_1_4' title="bbox 95 693 1037 776; baseline -0.001 -20"><span class='ocrx_word' id='word_1_27' title='bbox 95 695 275 776; x_wconf 84' lang='lat' dir='ltr'><strong>neglegens</strong></span> <span class='ocrx_word' id='word_1_28' title='bbox 299 697 429 758; x_wconf 92' lang='lat' dir='ltr'>domina</span> <span class='ocrx_word' id='word_1_29' title='bbox 452 705 485 756; x_wconf 93' lang='lat' dir='ltr'>et</span> <span class='ocrx_word' id='word_1_30' title='bbox 507 696 617 775; x_wconf 92' lang='lat' dir='ltr'>poenis</span> <span class='ocrx_word' id='word_1_31' title='bbox 641 703 672 756; x_wconf 93' lang='lat' dir='ltr'>et</span> <span class='ocrx_word' id='word_1_32' title='bbox 696 693 877 756; x_wconf 90' lang='lat' dir='ltr'>muneribus</span> <span class='ocrx_word' id='word_1_33' title='bbox 901 694 1037 755; x_wconf 82' lang='lat' dir='ltr'>errabit&#39;</span> 
     </span>
    </p>

    <p class='ocr_par' dir='ltr' id='par_1_3' title="bbox 59 799 1388 1525">
     <span class='ocr_line' id='line_1_5' title="bbox 59 799 1325 883; baseline -0.001 -18"><span class='ocrx_word' id='word_1_34' title='bbox 59 815 71 866; x_wconf 85' lang='grc'>1</span> <span class='ocrx_word' id='word_1_35' title='bbox 190 801 244 865; x_wconf 90' lang='lat' dir='ltr'>XI.</span> <span class='ocrx_word' id='word_1_36' title='bbox 292 801 376 883; x_wconf 82' lang='lat' dir='ltr'>Quid</span> <span class='ocrx_word' id='word_1_37' title='bbox 415 822 495 883; x_wconf 92' lang='lat' dir='ltr'>opus</span> <span class='ocrx_word' id='word_1_38' title='bbox 533 811 581 863; x_wconf 90' lang='lat' dir='ltr'>est</span> <span class='ocrx_word' id='word_1_39' title='bbox 616 810 721 882; x_wconf 91' lang='lat' dir='ltr'>partes</span> <span class='ocrx_word' id='word_1_40' title='bbox 753 799 890 862; x_wconf 86' lang='lat' dir='ltr'>deflere?</span> <span class='ocrx_word' id='word_1_41' title='bbox 929 809 999 862; x_wconf 88' lang='lat' dir='ltr'>tota</span> <span class='ocrx_word' id='word_1_42' title='bbox 1030 799 1141 862; x_wconf 88' lang='lat' dir='ltr'>flebilis</span> <span class='ocrx_word' id='word_1_43' title='bbox 1174 802 1238 862; x_wconf 90' lang='lat' dir='ltr'>uita</span> <span class='ocrx_word' id='word_1_44' title='bbox 1269 809 1325 865; x_wconf 92' lang='lat' dir='ltr'>est.</span> 
     </span>
     <span class='ocr_line' id='line_1_6' title="bbox 95 906 1352 988; baseline -0.004 -18"><span class='ocrx_word' id='word_1_45' title='bbox 95 909 259 988; x_wconf 85' lang='lat' dir='ltr'>urgebunt</span> <span class='ocrx_word' id='word_1_46' title='bbox 282 930 367 971; x_wconf 92' lang='lat' dir='ltr'>noua</span> <span class='ocrx_word' id='word_1_47' title='bbox 389 911 609 982; x_wconf 86' lang='lat' dir='ltr'>incommoda,</span> <span class='ocrx_word' id='word_1_48' title='bbox 632 909 811 988; x_wconf 85' lang='lat' dir='ltr'>priusquam</span> <span class='ocrx_word' id='word_1_49' title='bbox 836 907 995 968; x_wconf 91' lang='lat' dir='ltr'>ueteribus</span> <span class='ocrx_word' id='word_1_50' title='bbox 1018 906 1209 969; x_wconf 88' lang='lat' dir='ltr'>satisfeceris.</span> <span class='ocrx_word' id='word_1_51' title='bbox 1256 927 1352 968; x_wconf 79' lang='lat' dir='ltr'>moa</span> 
     </span>
     <span class='ocr_line' id='line_1_7' title="bbox 97 1013 1382 1097; baseline 0.002 -19"><span class='ocrx_word' id='word_1_52' title='bbox 97 1017 279 1078; x_wconf 86' lang='lat' dir='ltr'>derandum</span> <span class='ocrx_word' id='word_1_53' title='bbox 303 1024 351 1078; x_wconf 91' lang='lat' dir='ltr'>est</span> <span class='ocrx_word' id='word_1_54' title='bbox 374 1017 479 1097; x_wconf 90' lang='lat' dir='ltr'>itaque</span> <span class='ocrx_word' id='word_1_55' title='bbox 502 1015 593 1077; x_wconf 93' lang='lat' dir='ltr'>uobis</span> <span class='ocrx_word' id='word_1_56' title='bbox 617 1015 773 1089; x_wconf 87' lang='lat' dir='ltr'>maxime,</span> <span class='ocrx_word' id='word_1_57' title='bbox 803 1016 856 1095; x_wconf 95' lang='lat' dir='ltr'>qui</span> <span class='ocrx_word' id='word_1_58' title='bbox 880 1035 918 1075; x_wconf 90' lang='lat' dir='ltr'>ea</span> <span class='ocrx_word' id='word_1_59' title='bbox 940 1014 1139 1076; x_wconf 84' lang='lat' dir='ltr'>inmoderate</span> <span class='ocrx_word' id='word_1_60' title='bbox 1162 1013 1263 1088; x_wconf 85' lang='lat' dir='ltr'>fertis,</span> <span class='ocrx_word' id='word_1_61' title='bbox 1295 1022 1327 1075; x_wconf 93' lang='lat' dir='ltr'>et</span> <span class='ocrx_word' id='word_1_62' title='bbox 1380 1076 1382 1080; x_wconf 21' lang='lat' dir='ltr'>r</span> 
     </span>
     <span class='ocr_line' id='line_1_8' title="bbox 94 1122 1388 1203; baseline -0.001 -20"><span class='ocrx_word' id='word_1_63' title='bbox 94 1124 130 1183; x_wconf 91' lang='lat' dir='ltr'>in</span> <span class='ocrx_word' id='word_1_64' title='bbox 165 1132 270 1185; x_wconf 91' lang='lat' dir='ltr'>metus</span> <span class='ocrx_word' id='word_1_65' title='bbox 301 1133 333 1185; x_wconf 92' lang='lat' dir='ltr'>et</span> <span class='ocrx_word' id='word_1_66' title='bbox 355 1124 393 1200; x_wconf 87' lang='lat' dir='ltr'>in</span> <span class='ocrx_word' id='word_1_67' title='bbox 424 1122 551 1185; x_wconf 90' lang='lat' dir='ltr'>dolores</span> <span class='ocrx_word' id='word_1_68' title='bbox 585 1122 711 1184; x_wconf 89' lang='lat' dir='ltr'>humani</span> <span class='ocrx_word' id='word_1_69' title='bbox 741 1124 879 1203; x_wconf 84' lang='lat' dir='ltr'>pectoris</span> <span class='ocrx_word' id='word_1_70' title='bbox 909 1123 955 1183; x_wconf 93' lang='lat' dir='ltr'>uis</span> <span class='ocrx_word' id='word_1_71' title='bbox 979 1122 1199 1203; x_wconf 89' lang='lat' dir='ltr'>dispensanda.</span> <span class='ocrx_word' id='word_1_72' title='bbox 1246 1142 1327 1203; x_wconf 91' lang='lat' dir='ltr'>quae</span> <span class='ocrx_word' id='word_1_73' title='bbox 1386 1162 1388 1167; x_wconf 92' lang='lat'>-</span> 
     </span>
     <span class='ocr_line' id='line_1_9' title="bbox 95 1227 1327 1311; baseline -0.002 -19"><span class='ocrx_word' id='word_1_74' title='bbox 95 1231 216 1292; x_wconf 91' lang='lat' dir='ltr'>deinde</span> <span class='ocrx_word' id='word_1_75' title='bbox 240 1232 298 1292; x_wconf 86' lang='lat' dir='ltr'>ista</span> <span class='ocrx_word' id='word_1_76' title='bbox 321 1250 396 1292; x_wconf 91' lang='lat' dir='ltr'>suae</span> <span class='ocrx_word' id='word_1_77' title='bbox 419 1229 842 1311; x_wconf 81' lang='lat' dir='ltr'>publicaeque&#39;condicionis</span> <span class='ocrx_word' id='word_1_78' title='bbox 865 1228 983 1291; x_wconf 92' lang='lat' dir='ltr'>obliuio</span> <span class='ocrx_word' id='word_1_79' title='bbox 1004 1232 1071 1290; x_wconf 87' lang='lat' dir='ltr'>est?</span> <span class='ocrx_word' id='word_1_80' title='bbox 1096 1227 1237 1290; x_wconf 90' lang='lat' dir='ltr'>mortalis</span> <span class='ocrx_word' id='word_1_81' title='bbox 1252 1238 1327 1290; x_wconf 90' lang='lat' dir='ltr'>nata</span> 
     </span>
     <span class='ocr_line' id='line_1_10' title="bbox 94 1334 1326 1419; baseline -0.002 -21"><span class='ocrx_word' id='word_1_82' title='bbox 94 1356 148 1412; x_wconf 80' lang='lat' dir='ltr'>eS‚</span> <span class='ocrx_word' id='word_1_83' title='bbox 189 1337 340 1399; x_wconf 86' lang='lat' dir='ltr'>mortales</span> <span class='ocrx_word' id='word_1_84' title='bbox 371 1338 527 1419; x_wconf 88' lang='lat' dir='ltr'>peperisti.</span> <span class='ocrx_word' id='word_1_85' title='bbox 573 1347 664 1417; x_wconf 89' lang='lat' dir='ltr'>putre</span> <span class='ocrx_word' id='word_1_86' title='bbox 695 1338 762 1417; x_wconf 93' lang='lat' dir='ltr'>ipsa</span> <span class='ocrx_word' id='word_1_87' title='bbox 793 1334 985 1416; x_wconf 89' lang='lat' dir='ltr'>fluidumque</span> <span class='ocrx_word' id='word_1_88' title='bbox 1016 1355 1130 1419; x_wconf 84' lang='lat' dir='ltr'>corpus</span> <span class='ocrx_word' id='word_1_89' title='bbox 1163 1345 1194 1397; x_wconf 93' lang='lat' dir='ltr'>et</span> <span class='ocrx_word' id='word_1_90' title='bbox 1227 1337 1326 1397; x_wconf 89' lang='lat' dir='ltr'>causis</span> 
     </span>
     <span class='ocr_line' id='line_1_11' title="bbox 96 1439 1366 1525; baseline -0.002 -19"><span class='ocrx_word' id='word_1_91' title='bbox 96 1444 256 1525; x_wconf 68' lang='lat' dir='ltr'>[morbos]</span> <span class='ocrx_word' id='word_1_92' title='bbox 288 1439 422 1524; x_wconf 87' lang='lat' dir='ltr'>repetita</span> <span class='ocrx_word' id='word_1_93' title='bbox 453 1444 585 1524; x_wconf 83' lang='lat' dir='ltr'>sperasti</span> <span class='ocrx_word' id='word_1_94' title='bbox 608 1452 673 1505; x_wconf 92' lang='lat' dir='ltr'>tam</span> <span class='ocrx_word' id='word_1_95' title='bbox 697 1442 840 1505; x_wconf 91' lang='lat' dir='ltr'>inbecilla</span> <span class='ocrx_word' id='word_1_96' title='bbox 864 1444 995 1505; x_wconf 90' lang='lat' dir='ltr'>materia</span> <span class='ocrx_word' id='word_1_97' title='bbox 1018 1441 1119 1504; x_wconf 91' lang='lat' dir='ltr'>solida</span> <span class='ocrx_word' id='word_1_98' title='bbox 1143 1451 1175 1503; x_wconf 92' lang='lat' dir='ltr'>et</span> <span class='ocrx_word' id='word_1_99' title='bbox 1197 1452 1326 1504; x_wconf 90' lang='lat' dir='ltr'>aeterna</span> <span class='ocrx_word' id='word_1_100' title='bbox 1343 1457 1366 1496; x_wconf 79' lang='grc' dir='ltr'>ιθ</span> 
     </span>
    </p>

    <p class='ocr_par' dir='ltr' id='par_1_4' title="bbox 55 1549 1365 2058">
     <span class='ocr_line' id='line_1_12' title="bbox 55 1549 1327 1632; baseline -0.002 -18"><span class='ocrx_word' id='word_1_101' title='bbox 55 1561 72 1614; x_wconf 79' lang='lat'>2</span> <span class='ocrx_word' id='word_1_102' title='bbox 94 1553 263 1632; x_wconf 88' lang='lat' dir='ltr'>gestasse?</span> <span class='ocrx_word' id='word_1_103' title='bbox 296 1551 430 1612; x_wconf 88' lang='lat' dir='ltr'>decessit</span> <span class='ocrx_word' id='word_1_104' title='bbox 453 1550 532 1612; x_wconf 88' lang='lat' dir='ltr'>filius</span> <span class='ocrx_word' id='word_1_105' title='bbox 556 1559 634 1623; x_wconf 83' lang='lat' dir='ltr'>tuus,</span> <span class='ocrx_word' id='word_1_106' title='bbox 658 1551 691 1611; x_wconf 95' lang='lat' dir='ltr'>id</span> <span class='ocrx_word' id='word_1_107' title='bbox 714 1559 771 1623; x_wconf 85' lang='lat' dir='ltr'>est,</span> <span class='ocrx_word' id='word_1_108' title='bbox 796 1551 971 1611; x_wconf 92' lang='lat' dir='ltr'>decucurrit</span> <span class='ocrx_word' id='word_1_109' title='bbox 994 1550 1035 1610; x_wconf 91' lang='lat' dir='ltr'>ad</span> <span class='ocrx_word' id='word_1_110' title='bbox 1059 1549 1141 1610; x_wconf 92' lang='lat' dir='ltr'>hunc</span> <span class='ocrx_word' id='word_1_111' title='bbox 1155 1549 1260 1623; x_wconf 86' lang='lat' dir='ltr'>finem,</span> <span class='ocrx_word' id='word_1_112' title='bbox 1284 1551 1327 1612; x_wconf 93' lang='lat' dir='ltr'>ad</span> 
     </span>
     <span class='ocr_line' id='line_1_13' title="bbox 94 1655 1327 1739; baseline -0.001 -20"><span class='ocrx_word' id='word_1_113' title='bbox 94 1677 195 1739; x_wconf 91' lang='lat' dir='ltr'>quem</span> <span class='ocrx_word' id='word_1_114' title='bbox 226 1677 308 1737; x_wconf 92' lang='lat' dir='ltr'>quae</span> <span class='ocrx_word' id='word_1_115' title='bbox 337 1655 474 1719; x_wconf 83' lang='lat' dir='ltr'>feliciora</span> <span class='ocrx_word' id='word_1_116' title='bbox 503 1665 595 1737; x_wconf 90' lang='lat' dir='ltr'>partu</span> <span class='ocrx_word' id='word_1_117' title='bbox 626 1669 682 1718; x_wconf 93' lang='lat' dir='ltr'>tuo</span> <span class='ocrx_word' id='word_1_118' title='bbox 712 1665 804 1737; x_wconf 87' lang='lat' dir='ltr'>putas</span> <span class='ocrx_word' id='word_1_119' title='bbox 833 1664 1011 1738; x_wconf 88' lang='lat' dir='ltr'>properant.</span> <span class='ocrx_word' id='word_1_120' title='bbox 1058 1655 1119 1716; x_wconf 92' lang='lat' dir='ltr'>huc</span> <span class='ocrx_word' id='word_1_121' title='bbox 1135 1656 1245 1717; x_wconf 86' lang='lat' dir='ltr'>omnis</span> <span class='ocrx_word' id='word_1_122' title='bbox 1267 1657 1327 1718; x_wconf 89' lang='lat' dir='ltr'>ista</span> 
     </span>
     <span class='ocr_line' id='line_1_14' title="bbox 95 1751 1326 1846; baseline -0.001 -21"><span class='ocrx_word' id='word_1_123' title='bbox 95 1765 234 1846; x_wconf 91' lang='lat' dir='ltr'>quaein</span> <span class='ocrx_word' id='word_1_124' title='bbox 257 1761 328 1824; x_wconf 92' lang='lat' dir='ltr'>foro</span> <span class='ocrx_word' id='word_1_125' title='bbox 352 1751 460 1844; x_wconf 89' lang='lat' dir='ltr'>litigat,</span> <span class='ocrx_word' id='word_1_126' title='bbox 483 1764 514 1824; x_wconf 94' lang='lat' dir='ltr'>in</span> <span class='ocrx_word' id='word_1_127' title='bbox 536 1763 667 1842; x_wconf 83' lang='lat' dir='ltr'>theatris</span> <span class='ocrx_word' id='word_1_128' title='bbox 690 1762 828 1838; x_wconf 82' lang='lat' dir='ltr'>desidet,</span> <span class='ocrx_word' id='word_1_129' title='bbox 861 1763 891 1823; x_wconf 92' lang='lat' dir='ltr'>in</span> <span class='ocrx_word' id='word_1_130' title='bbox 914 1763 1040 1843; x_wconf 90' lang='lat' dir='ltr'>templis</span> <span class='ocrx_word' id='word_1_131' title='bbox 1064 1771 1209 1844; x_wconf 89' lang='lat' dir='ltr'>precatur</span> <span class='ocrx_word' id='word_1_132' title='bbox 1231 1762 1326 1824; x_wconf 85' lang='lat' dir='ltr'>turba</span> 
     </span>
     <span class='ocr_line' id='line_1_15' title="bbox 94 1867 1324 1952; baseline -0.002 -20"><span class='ocrx_word' id='word_1_133' title='bbox 94 1870 215 1952; x_wconf 91' lang='lat' dir='ltr'>dispari</span> <span class='ocrx_word' id='word_1_134' title='bbox 246 1871 347 1950; x_wconf 89' lang='lat' dir='ltr'>gradu</span> <span class='ocrx_word' id='word_1_135' title='bbox 378 1870 472 1931; x_wconf 88' lang='lat' dir='ltr'>uadit.</span> <span class='ocrx_word' id='word_1_136' title='bbox 518 1879 550 1931; x_wconf 93' lang='lat' dir='ltr'>et</span> <span class='ocrx_word' id='word_1_137' title='bbox 580 1890 661 1949; x_wconf 89' lang='lat' dir='ltr'>quae</span> <span class='ocrx_word' id='word_1_138' title='bbox 693 1867 795 1950; x_wconf 85' lang='lat' dir='ltr'>diligis</span> <span class='ocrx_word' id='word_1_139' title='bbox 820 1869 997 1949; x_wconf 64' lang='lat' dir='ltr'>[uenerarisl</span> <span class='ocrx_word' id='word_1_140' title='bbox 1023 1879 1055 1931; x_wconf 91' lang='lat' dir='ltr'>et</span> <span class='ocrx_word' id='word_1_141' title='bbox 1078 1889 1159 1949; x_wconf 90' lang='lat' dir='ltr'>quae</span> <span class='ocrx_word' id='word_1_142' title='bbox 1182 1869 1324 1950; x_wconf 89' lang='lat' dir='ltr'>despicis,</span> 
     </span>
     <span class='ocr_line' id='line_1_16' title="bbox 96 1974 1365 2058; baseline -0.002 -19"><span class='ocrx_word' id='word_1_143' title='bbox 96 1998 178 2039; x_wconf 93' lang='lat' dir='ltr'>unus</span> <span class='ocrx_word' id='word_1_144' title='bbox 208 1977 401 2058; x_wconf 88' lang='lat' dir='ltr'>exaequabit</span> <span class='ocrx_word' id='word_1_145' title='bbox 433 1978 517 2038; x_wconf 77' lang='lat' dir='ltr'>cinis</span> <span class='ocrx_word' id='word_1_146' title='bbox 562 1975 624 2037; x_wconf 92' lang='lat' dir='ltr'>hoc</span> <span class='ocrx_word' id='word_1_147' title='bbox 655 1975 741 2036; x_wconf 77' lang='lat' dir='ltr'>debet</span> <span class='ocrx_word' id='word_1_148' title='bbox 768 1975 913 2037; x_wconf 88' lang='lat' dir='ltr'>uidelicet</span> <span class='ocrx_word' id='word_1_149' title='bbox 943 1974 995 2037; x_wconf 90' lang='lat' dir='ltr'>illa</span> <span class='ocrx_word' id='word_1_150' title='bbox 1022 1975 1161 2055; x_wconf 89' lang='lat' dir='ltr'>Pythicis</span> <span class='ocrx_word' id='word_1_151' title='bbox 1193 1974 1325 2037; x_wconf 89' lang='lat' dir='ltr'>oraculis</span> <span class='ocrx_word' id='word_1_152' title='bbox 1342 1990 1365 2030; x_wconf 77' lang='lat'>¹⁵</span> 
     </span>
    </p>

    <p class='ocr_par' dir='ltr' id='par_1_5' title="bbox 60 2081 1364 2913">
     <span class='ocr_line' id='line_1_17' title="bbox 60 2081 1325 2164; baseline -0.004 -16"><span class='ocrx_word' id='word_1_153' title='bbox 60 2095 75 2148; x_wconf 78' lang='lat'><strong>3</strong></span> <span class='ocrx_word' id='word_1_154' title='bbox 96 2086 259 2164; x_wconf 89' lang='lat' dir='ltr'>adscripta</span> <span class='ocrx_word' id='word_1_155' title='bbox 281 2103 344 2144; x_wconf 79' lang='lat' dir='ltr'>uox</span> <span class='ocrx_word' id='word_1_156' title='bbox 366 2082 511 2146; x_wconf 88' lang='lat' dir='ltr'>NOSCE</span> <span class='ocrx_word' id='word_1_157' title='bbox 534 2083 605 2147; x_wconf 61' lang='lat' dir='ltr'>TE„</span> <span class='ocrx_word' id='word_1_158' title='bbox 647 2084 722 2164; x_wconf 92' lang='lat' dir='ltr'>quid</span> <span class='ocrx_word' id='word_1_159' title='bbox 745 2091 794 2144; x_wconf 90' lang='lat' dir='ltr'>est</span> <span class='ocrx_word' id='word_1_160' title='bbox 816 2083 936 2144; x_wconf 86' lang='lat' dir='ltr'>homo?</span> <span class='ocrx_word' id='word_1_161' title='bbox 967 2081 1110 2163; x_wconf 90' lang='lat' dir='ltr'>quolibet</span> <span class='ocrx_word' id='word_1_162' title='bbox 1132 2103 1247 2164; x_wconf 88' lang='lat' dir='ltr'>quassu</span> <span class='ocrx_word' id='word_1_163' title='bbox 1269 2103 1325 2143; x_wconf 91' lang='lat' dir='ltr'>uas</span> 
     </span>
     <span class='ocr_line' id='line_1_18' title="bbox 97 2189 1325 2272; baseline -0.002 -19"><span class='ocrx_word' id='word_1_164' title='bbox 97 2201 131 2253; x_wconf 91' lang='lat' dir='ltr'>et</span> <span class='ocrx_word' id='word_1_165' title='bbox 161 2190 304 2272; x_wconf 91' lang='lat' dir='ltr'>quolibet</span> <span class='ocrx_word' id='word_1_166' title='bbox 336 2189 444 2270; x_wconf 81' lang='lat' dir='ltr'>fragile</span> <span class='ocrx_word' id='word_1_167' title='bbox 466 2191 591 2251; x_wconf 88' lang='lat' dir='ltr'>iactatu.</span> <span class='ocrx_word' id='word_1_168' title='bbox 637 2211 701 2250; x_wconf 93' lang='lat' dir='ltr'>non</span> <span class='ocrx_word' id='word_1_169' title='bbox 724 2197 916 2270; x_wconf 89' lang='lat' dir='ltr'>tempestate</span> <span class='ocrx_word' id='word_1_170' title='bbox 939 2209 1071 2269; x_wconf 87' lang='lat' dir='ltr'>magna,</span> <span class='ocrx_word' id='word_1_171' title='bbox 1103 2197 1137 2250; x_wconf 96' lang='lat' dir='ltr'>ut</span> <span class='ocrx_word' id='word_1_172' title='bbox 1159 2189 1325 2270; x_wconf 89' lang='lat' dir='ltr'>dissiperis,</span> 
     </span>
     <span class='ocr_line' id='line_1_19' title="bbox 98 2295 1323 2379; baseline -0.003 -19"><span class='ocrx_word' id='word_1_173' title='bbox 98 2306 147 2360; x_wconf 88' lang='lat' dir='ltr'>est</span> <span class='ocrx_word' id='word_1_174' title='bbox 177 2317 268 2379; x_wconf 88' lang='lat' dir='ltr'>opus.</span> <span class='ocrx_word' id='word_1_175' title='bbox 312 2297 502 2379; x_wconf 91' lang='lat' dir='ltr'>ubicumque</span> <span class='ocrx_word' id='word_1_176' title='bbox 532 2297 725 2370; x_wconf 90' lang='lat' dir='ltr'>arietaueris‚</span> <span class='ocrx_word' id='word_1_177' title='bbox 757 2295 895 2358; x_wconf 90' lang='lat' dir='ltr'>solueris.</span> <span class='ocrx_word' id='word_1_178' title='bbox 942 2296 1017 2378; x_wconf 92' lang='lat' dir='ltr'>quid</span> <span class='ocrx_word' id='word_1_179' title='bbox 1048 2305 1096 2357; x_wconf 92' lang='lat' dir='ltr'>est</span> <span class='ocrx_word' id='word_1_180' title='bbox 1127 2295 1247 2358; x_wconf 85' lang='lat' dir='ltr'>homo?</span> <span class='ocrx_word' id='word_1_181' title='bbox 1279 2296 1323 2357; x_wconf 92' lang='lat' dir='ltr'>in-</span> 
     </span>
     <span class='ocr_line' id='line_1_20' title="bbox 98 2401 1325 2486; baseline -0.002 -19"><span class='ocrx_word' id='word_1_182' title='bbox 98 2404 245 2479; x_wconf 86' lang='lat' dir='ltr'>becillum</span> <span class='ocrx_word' id='word_1_183' title='bbox 270 2425 384 2485; x_wconf 90' lang='lat' dir='ltr'>corpus</span> <span class='ocrx_word' id='word_1_184' title='bbox 407 2413 440 2465; x_wconf 91' lang='lat' dir='ltr'>et</span> <span class='ocrx_word' id='word_1_185' title='bbox 462 2403 586 2484; x_wconf 77' lang='lat' dir='ltr'>fragile,</span> <span class='ocrx_word' id='word_1_186' title='bbox 611 2404 746 2477; x_wconf 89' lang='lat' dir='ltr'>nudum,</span> <span class='ocrx_word' id='word_1_187' title='bbox 770 2412 882 2486; x_wconf 93' lang='lat' dir='ltr'>suapte</span> <span class='ocrx_word' id='word_1_188' title='bbox 906 2413 1017 2466; x_wconf 91' lang='lat' dir='ltr'>natura</span> <span class='ocrx_word' id='word_1_189' title='bbox 1039 2405 1174 2477; x_wconf 91' lang='lat' dir='ltr'>inerme,</span> <span class='ocrx_word' id='word_1_190' title='bbox 1206 2401 1325 2464; x_wconf 90' lang='lat' dir='ltr'>alienae</span> 
     </span>
     <span class='ocr_line' id='line_1_21' title="bbox 100 2509 1364 2594; baseline -0.002 -21"><span class='ocrx_word' id='word_1_191' title='bbox 100 2513 168 2594; x_wconf 90' lang='lat' dir='ltr'>opis</span> <span class='ocrx_word' id='word_1_192' title='bbox 190 2512 342 2592; x_wconf 88' lang='lat' dir='ltr'>indigens,</span> <span class='ocrx_word' id='word_1_193' title='bbox 367 2512 408 2572; x_wconf 91' lang='lat' dir='ltr'>ad</span> <span class='ocrx_word' id='word_1_194' title='bbox 432 2512 534 2572; x_wconf 92' lang='lat' dir='ltr'>omnis</span> <span class='ocrx_word' id='word_1_195' title='bbox 556 2510 701 2573; x_wconf 89' lang='lat' dir='ltr'>fortunae</span> <span class='ocrx_word' id='word_1_196' title='bbox 724 2510 929 2572; x_wconf 90' lang='lat' dir='ltr'>contumelias</span> <span class='ocrx_word' id='word_1_197' title='bbox 945 2511 1131 2594; x_wconf 87' lang='lat' dir='ltr'>proiectum,</span> <span class='ocrx_word' id='word_1_198' title='bbox 1155 2530 1227 2571; x_wconf 94' lang='lat' dir='ltr'>cum</span> <span class='ocrx_word' id='word_1_199' title='bbox 1242 2509 1325 2570; x_wconf 88' lang='lat' dir='ltr'>bene</span> <span class='ocrx_word' id='word_1_200' title='bbox 1338 2524 1364 2565; x_wconf 78' lang='lat'>2⁰</span> 
     </span>
     <span class='ocr_line' id='line_1_22' title="bbox 99 2616 1324 2698; baseline -0.002 -19"><span class='ocrx_word' id='word_1_201' title='bbox 99 2618 232 2681; x_wconf 88' lang='lat' dir='ltr'>lacertos</span> <span class='ocrx_word' id='word_1_202' title='bbox 256 2619 413 2692; x_wconf 85' lang='lat' dir='ltr'>exercuit,</span> <span class='ocrx_word' id='word_1_203' title='bbox 445 2617 607 2680; x_wconf 88' lang='lat' dir='ltr'>cuiuslibet</span> <span class='ocrx_word' id='word_1_204' title='bbox 631 2616 714 2679; x_wconf 90' lang='lat' dir='ltr'>ferae</span> <span class='ocrx_word' id='word_1_205' title='bbox 738 2617 905 2698; x_wconf 89' lang='lat' dir='ltr'>pabulum,</span> <span class='ocrx_word' id='word_1_206' title='bbox 937 2617 1100 2679; x_wconf 91' lang='lat' dir='ltr'>cuiuslibet</span> <span class='ocrx_word' id='word_1_207' title='bbox 1123 2617 1258 2691; x_wconf 90' lang='lat' dir='ltr'>uictima,</span> <span class='ocrx_word' id='word_1_208' title='bbox 1282 2637 1324 2678; x_wconf 91' lang='lat' dir='ltr'>ex</span> 
     </span>
     <span class='ocr_line' id='line_1_23' title="bbox 100 2723 1324 2806; baseline -0.002 -20"><span class='ocrx_word' id='word_1_209' title='bbox 100 2724 225 2788; x_wconf 89' lang='lat' dir='ltr'>infirmis</span> <span class='ocrx_word' id='word_1_210' title='bbox 257 2723 421 2806; x_wconf 89' lang='lat' dir='ltr'>fluidisque</span> <span class='ocrx_word' id='word_1_211' title='bbox 451 2733 637 2786; x_wconf 88' lang='lat' dir='ltr'>contextum</span> <span class='ocrx_word' id='word_1_212' title='bbox 670 2735 700 2785; x_wconf 84' lang='lat' dir='ltr'>et</span> <span class='ocrx_word' id='word_1_213' title='bbox 732 2725 927 2786; x_wconf 89' lang='lat' dir='ltr'>lineamentis</span> <span class='ocrx_word' id='word_1_214' title='bbox 950 2724 1159 2786; x_wconf 87' lang='lat' dir='ltr'>exterioribus</span> <span class='ocrx_word' id='word_1_215' title='bbox 1182 2724 1324 2797; x_wconf 91' lang='lat' dir='ltr'>nitidum,</span> 
     </span>
     <span class='ocr_line' id='line_1_24' title="bbox 100 2830 1323 2913; baseline -0.002 -19"><span class='ocrx_word' id='word_1_216' title='bbox 100 2831 235 2913; x_wconf 78' lang='lat' dir='ltr'>frigoriS,</span> <span class='ocrx_word' id='word_1_217' title='bbox 267 2840 388 2907; x_wconf 83' lang='lat' dir='ltr'>aestus,</span> <span class='ocrx_word' id='word_1_218' title='bbox 421 2830 538 2893; x_wconf 90' lang='lat' dir='ltr'>laboris</span> <span class='ocrx_word' id='word_1_219' title='bbox 561 2832 731 2912; x_wconf 88' lang='lat' dir='ltr'>inpatiens,</span> <span class='ocrx_word' id='word_1_220' title='bbox 761 2832 830 2912; x_wconf 89' lang='lat' dir='ltr'>ipso</span> <span class='ocrx_word' id='word_1_221' title='bbox 854 2851 958 2892; x_wconf 89' lang='lat' dir='ltr'>mrsus</span> <span class='ocrx_word' id='word_1_222' title='bbox 981 2833 1041 2892; x_wconf 89' lang='lat' dir='ltr'>situ</span> <span class='ocrx_word' id='word_1_223' title='bbox 1064 2839 1096 2891; x_wconf 91' lang='lat' dir='ltr'>et</span> <span class='ocrx_word' id='word_1_224' title='bbox 1120 2831 1186 2892; x_wconf 93' lang='lat' dir='ltr'>otio</span> <span class='ocrx_word' id='word_1_225' title='bbox 1209 2832 1323 2892; x_wconf 93' lang='lat' dir='ltr'>iturum</span> 
     </span>
    </p>
   </div>
   <div class='ocr_carea' id='block_1_3' title="bbox 96 3121 1324 3550">
    <p class='ocr_par' dir='ltr' id='par_1_6' title="bbox 96 3121 1324 3550">
     <span class='ocr_line' id='line_1_25' title="bbox 100 3121 1323 3190; baseline -0.005 -12"><span class='ocrx_word' id='word_1_226' title='bbox 100 3127 112 3178; x_wconf 83' lang='lat' dir='ltr'>&#39;l</span> <span class='ocrx_word' id='word_1_227' title='bbox 132 3127 197 3176; x_wconf 89' lang='lat' dir='ltr'>uaris</span> <span class='ocrx_word' id='word_1_228' title='bbox 288 3125 304 3176; x_wconf 86' lang='lat'><strong>3</strong></span> <span class='ocrx_word' id='word_1_229' title='bbox 324 3126 393 3189; x_wconf 68' lang='lat' dir='ltr'>penis</span> <span class='ocrx_word' id='word_1_230' title='bbox 413 3129 436 3175; x_wconf 90' lang='lat' dir='ltr'>et</span> <span class='ocrx_word' id='word_1_231' title='bbox 455 3125 487 3188; x_wconf 87' lang='lat' dir='ltr'>(et</span> <span class='ocrx_word' id='word_1_232' title='bbox 507 3125 522 3176; x_wconf 74' lang='grc' dir='ltr'><em>ὲ</em></span> <span class='ocrx_word' id='word_1_233' title='bbox 541 3123 624 3190; x_wconf 82' lang='lat' dir='ltr'>corr.)</span> <span class='ocrx_word' id='word_1_234' title='bbox 716 3125 806 3174; x_wconf 86' lang='lat' dir='ltr'>errabit</span> <span class='ocrx_word' id='word_1_235' title='bbox 827 3121 992 3178; x_wconf 74' lang='lat' dir='ltr'>deteriores:</span> <span class='ocrx_word' id='word_1_236' title='bbox 1014 3123 1103 3171; x_wconf 88' lang='lat' dir='ltr'>errauit</span> <span class='ocrx_word' id='word_1_237' title='bbox 1200 3124 1275 3188; x_wconf 81' lang='lat' dir='ltr'>tiqui</span> <span class='ocrx_word' id='word_1_238' title='bbox 1295 3139 1323 3172; x_wconf 87' lang='lat' dir='ltr'>ea</span> 
     </span>
     <span class='ocr_line' id='line_1_26' title="bbox 98 3209 1324 3285; baseline -0.007 -17"><span class='ocrx_word' id='word_1_239' title='bbox 98 3211 225 3285; x_wconf 71' lang='lat' dir='ltr'>Madut&#39;q,</span> <span class='ocrx_word' id='word_1_240' title='bbox 253 3214 293 3278; x_wconf 93' lang='lat' dir='ltr'>qui</span> <span class='ocrx_word' id='word_1_241' title='bbox 318 3209 481 3265; x_wconf 70' lang='lat' dir='ltr'>Pincianus:</span> <span class='ocrx_word' id='word_1_242' title='bbox 502 3229 565 3277; x_wconf 89' lang='lat' dir='ltr'>quae</span> <span class='ocrx_word' id='word_1_243' title='bbox 683 3213 698 3264; x_wconf 77' lang='grc'>7</span> <span class='ocrx_word' id='word_1_244' title='bbox 722 3220 800 3263; x_wconf 88' lang='lat' dir='ltr'>metus</span> <span class='ocrx_word' id='word_1_245' title='bbox 826 3211 927 3281; x_wconf 67' lang='lat' dir='ltr'>Neapz</span> <span class='ocrx_word' id='word_1_246' title='bbox 954 3212 1043 3262; x_wconf 91' lang='lat' dir='ltr'>multos</span> <span class='ocrx_word' id='word_1_247' title='bbox 1157 3213 1263 3277; x_wconf 87' lang='lat' dir='ltr'>pectoris</span> <span class='ocrx_word' id='word_1_248' title='bbox 1288 3213 1324 3260; x_wconf 92' lang='lat' dir='ltr'>uis</span> 
     </span>
     <span class='ocr_line' id='line_1_27' title="bbox 96 3298 1320 3377; baseline -0.003 -21"><span class='ocrx_word' id='word_1_249' title='bbox 96 3300 230 3374; x_wconf 67' lang='lat' dir='ltr'>Madue&#39;q:</span> <span class='ocrx_word' id='word_1_250' title='bbox 251 3308 335 3377; x_wconf 74' lang='lat' dir='ltr'>pectus</span> <span class='ocrx_word' id='word_1_251' title='bbox 437 3300 453 3354; x_wconf 75' lang='grc'><strong>8</strong></span> <span class='ocrx_word' id='word_1_252' title='bbox 471 3308 526 3351; x_wconf 87' lang='lat' dir='ltr'>tuae</span> <span class='ocrx_word' id='word_1_253' title='bbox 546 3299 588 3353; x_wconf 69' lang='lat' dir='ltr'>Es</span> <span class='ocrx_word' id='word_1_254' title='bbox 688 3302 882 3368; x_wconf 69' lang='lat' dir='ltr'>publicaenque</span> <span class='ocrx_word' id='word_1_255' title='bbox 987 3301 1002 3353; x_wconf 81' lang='lat'>9</span> <span class='ocrx_word' id='word_1_256' title='bbox 1022 3302 1137 3350; x_wconf 85' lang='lat' dir='ltr'>mortales</span> <span class='ocrx_word' id='word_1_257' title='bbox 1157 3298 1320 3354; x_wconf 80' lang='lat' dir='ltr'>deteriores:</span> 
     </span>
     <span class='ocr_line' id='line_1_28' title="bbox 96 3387 1323 3458; baseline -0.004 -16"><span class='ocrx_word' id='word_1_258' title='bbox 96 3395 261 3457; x_wconf 80' lang='lat' dir='ltr'>mortalesque</span> <span class='ocrx_word' id='word_1_259' title='bbox 281 3391 348 3456; x_wconf 78' lang='lat' dir='ltr'>(ras.</span> <span class='ocrx_word' id='word_1_260' title='bbox 368 3387 419 3443; x_wconf 80' lang='lat' dir='ltr'>sub</span> <span class='ocrx_word' id='word_1_261' title='bbox 438 3390 495 3455; x_wconf 86' lang='lat' dir='ltr'>que)</span> <span class='ocrx_word' id='word_1_262' title='bbox 604 3392 682 3438; x_wconf 84' lang='lat' dir='ltr'>causis</span> <span class='ocrx_word' id='word_1_263' title='bbox 701 3392 804 3439; x_wconf 91' lang='lat' dir='ltr'>morbos</span> <span class='ocrx_word' id='word_1_264' title='bbox 823 3387 883 3445; x_wconf 80' lang='lat' dir='ltr'>cod.</span> <span class='ocrx_word' id='word_1_265' title='bbox 902 3391 982 3440; x_wconf 90' lang='lat' dir='ltr'>camis</span> <span class='ocrx_word' id='word_1_266' title='bbox 1000 3391 1090 3438; x_wconf 92' lang='lat' dir='ltr'>morbo</span> <span class='ocrx_word' id='word_1_267' title='bbox 1111 3387 1225 3458; x_wconf 71' lang='lat' dir='ltr'>Madetip</span> <span class='ocrx_word' id='word_1_268' title='bbox 1245 3391 1323 3438; x_wconf 87' lang='lat' dir='ltr'>causis</span> 
     </span>
     <span class='ocr_line' id='line_1_29' title="bbox 96 3462 1324 3550; baseline -0.004 -18"><span class='ocrx_word' id='word_1_269' title='bbox 96 3483 242 3532; x_wconf 85' lang='lat' dir='ltr'>morborum</span> <span class='ocrx_word' id='word_1_270' title='bbox 258 3478 348 3543; x_wconf 79' lang='lat' dir='ltr'>Gertz,</span> <span class='ocrx_word' id='word_1_271' title='bbox 368 3495 438 3550; x_wconf 83' lang='lat' dir='ltr'>qaae</span> <span class='ocrx_word' id='word_1_272' title='bbox 454 3478 492 3531; x_wconf 87' lang='lat' dir='ltr'>ita</span> <span class='ocrx_word' id='word_1_273' title='bbox 504 3494 559 3531; x_wconf 86' lang='lat' dir='ltr'>non</span> <span class='ocrx_word' id='word_1_274' title='bbox 576 3476 685 3548; x_wconf 79' lang='lat' dir='ltr'>placent</span> <span class='ocrx_word' id='word_1_275' title='bbox 704 3487 733 3532; x_wconf 86' lang='lat' dir='ltr'>at</span> <span class='ocrx_word' id='word_1_276' title='bbox 752 3479 809 3549; x_wconf 81' lang='lat' dir='ltr'>ipse</span> <span class='ocrx_word' id='word_1_277' title='bbox 822 3462 929 3548; x_wconf 74' lang='lat' dir='ltr'>qtioqae</span> <span class='ocrx_word' id='word_1_278' title='bbox 947 3477 980 3531; x_wconf 81' lang='lat' dir='ltr'>iis</span> <span class='ocrx_word' id='word_1_279' title='bbox 992 3476 1144 3532; x_wconf 71' lang='lat' dir='ltr'>adtentione</span> <span class='ocrx_word' id='word_1_280' title='bbox 1163 3479 1211 3548; x_wconf 84' lang='lat' dir='ltr'>qai</span> <span class='ocrx_word' id='word_1_281' title='bbox 1222 3481 1324 3528; x_wconf 86' lang='lat' dir='ltr'>morbos</span> 
     </span>
    </p>
   </div>
   <div class='ocr_carea' id='block_1_4' title="bbox 98 3569 1323 3651">
    <p class='ocr_par' dir='ltr' id='par_1_7' title="bbox 98 3569 1323 3651">
     <span class='ocr_line' id='line_1_30' title="bbox 98 3569 1323 3651; baseline -0.006 -19"><span class='ocrx_word' id='word_1_282' title='bbox 98 3576 334 3649; x_wconf 67' lang='lat' dir='ltr'>interpretamenta·</span> <span class='ocrx_word' id='word_1_283' title='bbox 362 3591 446 3631; x_wconf 82' lang='lat' dir='ltr'>caasa</span> <span class='ocrx_word' id='word_1_284' title='bbox 474 3573 644 3647; x_wconf 66' lang='lat' dir='ltr'>adscendunt</span> <span class='ocrx_word' id='word_1_285' title='bbox 674 3592 733 3632; x_wconf 82' lang='lat' dir='ltr'>esse</span> <span class='ocrx_word' id='word_1_286' title='bbox 757 3581 855 3646; x_wconf 82' lang='lat' dir='ltr'>putent</span> <span class='ocrx_word' id='word_1_287' title='bbox 964 3576 997 3629; x_wconf 82' lang='lat'>10</span> <span class='ocrx_word' id='word_1_288' title='bbox 1022 3569 1136 3651; x_wconf 65' lang='lat' dir='ltr'>repetita}</span> <span class='ocrx_word' id='word_1_289' title='bbox 1243 3577 1323 3626; x_wconf 88' lang='lat' dir='ltr'>solida</span> 
     </span>
    </p>
   </div>
   <div class='ocr_carea' id='block_1_5' title="bbox 100 3672 1323 4188">
    <p class='ocr_par' dir='ltr' id='par_1_8' title="bbox 100 3672 1227 3742">
     <span class='ocr_line' id='line_1_31' title="bbox 100 3672 1227 3742; baseline -0.002 -16"><span class='ocrx_word' id='word_1_290' title='bbox 100 3677 124 3742; x_wconf 77' lang='lat' dir='ltr'>(a</span> <span class='ocrx_word' id='word_1_291' title='bbox 142 3676 227 3741; x_wconf 77' lang='lat' dir='ltr'>aare.)</span> <span class='ocrx_word' id='word_1_292' title='bbox 310 3674 357 3726; x_wconf 70' lang='grc'>,11</span> <span class='ocrx_word' id='word_1_293' title='bbox 378 3681 486 3740; x_wconf 85' lang='lat' dir='ltr'>gestasse</span> <span class='ocrx_word' id='word_1_294' title='bbox 505 3672 530 3741; x_wconf 89' lang='lat' dir='ltr'>(e</span> <span class='ocrx_word' id='word_1_295' title='bbox 548 3679 673 3728; x_wconf 79' lang='lat' dir='ltr'>extrema</span> <span class='ocrx_word' id='word_1_296' title='bbox 693 3673 776 3741; x_wconf 84' lang='lat' dir='ltr'>corr.)</span> <span class='ocrx_word' id='word_1_297' title='bbox 881 3675 909 3727; x_wconf 82' lang='lat'>12</span> <span class='ocrx_word' id='word_1_298' title='bbox 928 3677 975 3724; x_wconf 88' lang='lat' dir='ltr'>huc</span> <span class='ocrx_word' id='word_1_299' title='bbox 995 3672 1158 3728; x_wconf 78' lang='lat' dir='ltr'>Pincianus:</span> <span class='ocrx_word' id='word_1_300' title='bbox 1179 3677 1227 3725; x_wconf 89' lang='lat' dir='ltr'>hoc</span> 
     </span>
    </p>

    <p class='ocr_par' dir='ltr' id='par_1_9' title="bbox 101 3760 1323 4188">
     <span class='ocr_line' id='line_1_32' title="bbox 105 3760 1323 3833; baseline 0.001 -17"><span class='ocrx_word' id='word_1_301' title='bbox 105 3763 132 3816; x_wconf 89' lang='grc'>13</span> <span class='ocrx_word' id='word_1_302' title='bbox 151 3766 176 3814; x_wconf 92' lang='lat' dir='ltr'>in</span> <span class='ocrx_word' id='word_1_303' title='bbox 196 3766 297 3814; x_wconf 89' lang='lat' dir='ltr'>theatris</span> <span class='ocrx_word' id='word_1_304' title='bbox 316 3761 376 3819; x_wconf 81' lang='lat' dir='ltr'>cod.</span> <span class='ocrx_word' id='word_1_305' title='bbox 396 3764 421 3812; x_wconf 93' lang='lat' dir='ltr'>in</span> <span class='ocrx_word' id='word_1_306' title='bbox 440 3764 540 3813; x_wconf 84' lang='lat' dir='ltr'>theatris</span> <span class='ocrx_word' id='word_1_307' title='bbox 559 3764 653 3813; x_wconf 88' lang='lat' dir='ltr'>desidet</span> <span class='ocrx_word' id='word_1_308' title='bbox 672 3761 715 3816; x_wconf 63' lang='lat' dir='ltr'>lta</span> <span class='ocrx_word' id='word_1_309' title='bbox 741 3763 847 3829; x_wconf 90' lang='lat' dir='ltr'>(plaudit</span> <span class='ocrx_word' id='word_1_310' title='bbox 865 3760 981 3833; x_wconf 72' lang='lat' dir='ltr'>Maduiq</span> <span class='ocrx_word' id='word_1_311' title='bbox 1000 3770 1093 3830; x_wconf 90' lang='lat' dir='ltr'>spectat</span> <span class='ocrx_word' id='word_1_312' title='bbox 1114 3762 1207 3833; x_wconf 83' lang='lat' dir='ltr'>Gertz)</span> <span class='ocrx_word' id='word_1_313' title='bbox 1232 3763 1268 3833; x_wconf 84' lang='lat' dir='ltr'>cs.</span> <span class='ocrx_word' id='word_1_314' title='bbox 1289 3763 1323 3817; x_wconf 86' lang='lat' dir='ltr'>de</span> 
     </span>
     <span class='ocr_line' id='line_1_33' title="bbox 101 3849 1323 3913; baseline 0 -8"><span class='ocrx_word' id='word_1_315' title='bbox 101 3853 145 3909; x_wconf 87' lang='lat' dir='ltr'>ait.</span> <span class='ocrx_word' id='word_1_316' title='bbox 164 3853 243 3907; x_wconf 80' lang='lat' dir='ltr'>beata</span> <span class='ocrx_word' id='word_1_317' title='bbox 262 3855 295 3905; x_wconf 82' lang='grc'>18</span> <span class='ocrx_word' id='word_1_318' title='bbox 394 3851 427 3904; x_wconf 87' lang='grc'>14</span> <span class='ocrx_word' id='word_1_319' title='bbox 447 3853 569 3904; x_wconf 87' lang='lat' dir='ltr'>ueneraris</span> <span class='ocrx_word' id='word_1_320' title='bbox 587 3849 696 3905; x_wconf 81' lang='lat' dir='ltr'>reclusit</span> <span class='ocrx_word' id='word_1_321' title='bbox 714 3849 828 3905; x_wconf 75' lang='lat' dir='ltr'>Fickert</span> <span class='ocrx_word' id='word_1_322' title='bbox 925 3852 957 3905; x_wconf 87' lang='grc'>15</span> <span class='ocrx_word' id='word_1_323' title='bbox 977 3855 1049 3913; x_wconf 76' lang='lat' dir='ltr'>iubet,</span> <span class='ocrx_word' id='word_1_324' title='bbox 1069 3853 1130 3906; x_wconf 84' lang='lat' dir='ltr'>item</span> <span class='ocrx_word' id='word_1_325' title='bbox 1150 3871 1203 3911; x_wconf 77' lang='lat' dir='ltr'>uox¹</span> <span class='ocrx_word' id='word_1_326' title='bbox 1216 3850 1323 3907; x_wconf 79' lang='lat' dir='ltr'>addidit</span> 
     </span>
     <span class='ocr_line' id='line_1_34' title="bbox 103 3938 1321 4010; baseline -0.001 -16"><span class='ocrx_word' id='word_1_327' title='bbox 103 3939 157 3999; x_wconf 46' lang='lat' dir='ltr'>ff&amp;</span> <span class='ocrx_word' id='word_1_328' title='bbox 184 3957 244 3995; x_wconf 82' lang='lat' dir='ltr'>eam</span> <span class='ocrx_word' id='word_1_329' title='bbox 264 3938 406 4010; x_wconf 74' lang='lat' dir='ltr'>Madaipio</span> <span class='ocrx_word' id='word_1_330' title='bbox 428 3941 542 3992; x_wconf 89' lang='lat' dir='ltr'>uidelicet</span> <span class='ocrx_word' id='word_1_331' title='bbox 566 3947 702 4010; x_wconf 83' lang='lat' dir='ltr'>tamquam</span> <span class='ocrx_word' id='word_1_332' title='bbox 725 3956 763 3994; x_wconf 84' lang='lat' dir='ltr'>ex</span> <span class='ocrx_word' id='word_1_333' title='bbox 781 3957 849 3995; x_wconf 79' lang='lat' dir='ltr'>aeae</span> <span class='ocrx_word' id='word_1_334' title='bbox 873 3943 940 3992; x_wconf 88' lang='lat' dir='ltr'>iubet</span> <span class='ocrx_word' id='word_1_335' title='bbox 965 3941 1037 4009; x_wconf 88' lang='lat' dir='ltr'>(uid.)</span> <span class='ocrx_word' id='word_1_336' title='bbox 1062 3947 1153 3996; x_wconf 85' lang='lat' dir='ltr'>ortam</span> <span class='ocrx_word' id='word_1_337' title='bbox 1178 3940 1321 3995; x_wconf 80' lang='lat' dir='ltr'>delendam</span> 
     </span>
     <span class='ocr_line' id='line_1_35' title="bbox 104 4027 1322 4100; baseline -0.003 -17"><span class='ocrx_word' id='word_1_338' title='bbox 104 4046 166 4094; x_wconf 81' lang='lat' dir='ltr'>esre,</span> <span class='ocrx_word' id='word_1_339' title='bbox 181 4028 329 4100; x_wconf 79' lang='lat' dir='ltr'>probabile</span> <span class='ocrx_word' id='word_1_340' title='bbox 346 4045 400 4084; x_wconf 85' lang='lat' dir='ltr'>nen</span> <span class='ocrx_word' id='word_1_341' title='bbox 419 4034 461 4082; x_wconf 80' lang='lat' dir='ltr'>est</span> <span class='ocrx_word' id='word_1_342' title='bbox 558 4030 589 4082; x_wconf 70' lang='grc'>’16</span> <span class='ocrx_word' id='word_1_343' title='bbox 608 4047 683 4080; x_wconf 86' lang='lat' dir='ltr'>nosce</span> <span class='ocrx_word' id='word_1_344' title='bbox 702 4036 724 4080; x_wconf 90' lang='lat' dir='ltr'>te</span> <span class='ocrx_word' id='word_1_345' title='bbox 743 4027 806 4083; x_wconf 84' lang='lat' dir='ltr'>olim</span> <span class='ocrx_word' id='word_1_346' title='bbox 825 4035 992 4084; x_wconf 80' lang='lat' dir='ltr'>correctam:</span> <span class='ocrx_word' id='word_1_347' title='bbox 1013 4033 1081 4081; x_wconf 87' lang='lat' dir='ltr'>nosci</span> <span class='ocrx_word' id='word_1_348' title='bbox 1101 4039 1123 4080; x_wconf 89' lang='lat' dir='ltr'>te</span> <span class='ocrx_word' id='word_1_349' title='bbox 1212 4032 1322 4095; x_wconf 84' lang='lat' dir='ltr'>quolibet</span> 
     </span>
     <span class='ocr_line' id='line_1_36' title="bbox 105 4116 1323 4188; baseline 0.003 -20"><span class='ocrx_word' id='word_1_350' title='bbox 105 4135 186 4184; x_wconf 88' lang='lat' dir='ltr'>quassu</span> <span class='ocrx_word' id='word_1_351' title='bbox 206 4116 338 4188; x_wconf 73' lang='lat' dir='ltr'>Maduiq:</span> <span class='ocrx_word' id='word_1_352' title='bbox 359 4119 485 4185; x_wconf 91' lang='lat' dir='ltr'>quodlibet</span> <span class='ocrx_word' id='word_1_353' title='bbox 504 4135 617 4185; x_wconf 90' lang='lat' dir='ltr'>quassum</span> <span class='ocrx_word' id='word_1_354' title='bbox 709 4119 742 4171; x_wconf 73' lang='lat' dir='ltr'>‘li</span> <span class='ocrx_word' id='word_1_355' title='bbox 761 4124 784 4168; x_wconf 88' lang='lat' dir='ltr'>et</span> <span class='ocrx_word' id='word_1_356' title='bbox 805 4120 824 4186; x_wconf 91' lang='lat' dir='ltr'>(t</span> <span class='ocrx_word' id='word_1_357' title='bbox 843 4119 870 4172; x_wconf 84' lang='lat' dir='ltr'>in</span> <span class='ocrx_word' id='word_1_358' title='bbox 890 4121 956 4186; x_wconf 79' lang='lat' dir='ltr'>ras.)</span> <span class='ocrx_word' id='word_1_359' title='bbox 1047 4117 1076 4171; x_wconf 88' lang='grc'>18</span> <span class='ocrx_word' id='word_1_360' title='bbox 1095 4136 1156 4184; x_wconf 91' lang='lat' dir='ltr'>opus</span> <span class='ocrx_word' id='word_1_361' title='bbox 1176 4128 1211 4169; x_wconf 92' lang='lat' dir='ltr'>est</span> <span class='ocrx_word' id='word_1_362' title='bbox 1230 4117 1323 4172; x_wconf 82' lang='lat' dir='ltr'>Haase</span> 
     </span>
    </p>
   </div>
   <div class='ocr_carea' id='block_1_6' title="bbox 176 4209 1297 4332">
    <p class='ocr_par' dir='ltr' id='par_1_10' title="bbox 176 4209 1297 4332">
     <span class='ocr_line' id='line_1_37' title="bbox 176 4209 1297 4332; baseline -0.002 -21"><span class='ocrx_word' id='word_1_363' title='bbox 176 4269 211 4312; x_wconf 89' lang='lat' dir='ltr'>est</span> <span class='ocrx_word' id='word_1_364' title='bbox 230 4223 297 4264; x_wconf 86' lang='lat' dir='ltr'>homo</span> <span class='ocrx_word' id='word_1_365' title='bbox 316 4261 434 4312; x_wconf 80' lang='lat' dir='ltr'>inbecilla</span> <span class='ocrx_word' id='word_1_366' title='bbox 522 4261 552 4312; x_wconf 76' lang='lat'>19</span> <span class='ocrx_word' id='word_1_367' title='bbox 571 4209 683 4332; x_wconf 58' lang='lat' dir='ltr'>eifragile</span> <span class='ocrx_word' id='word_1_368' title='bbox 763 4262 793 4313; x_wconf 73' lang='grc'>21</span> <span class='ocrx_word' id='word_1_369' title='bbox 817 4262 921 4311; x_wconf 87' lang='lat' dir='ltr'>lacertos</span> <span class='ocrx_word' id='word_1_370' title='bbox 941 4259 1103 4314; x_wconf 81' lang='lat' dir='ltr'>deteriores:</span> <span class='ocrx_word' id='word_1_371' title='bbox 1124 4261 1246 4311; x_wconf 88' lang='lat' dir='ltr'>laceratos</span> <span class='ocrx_word' id='word_1_372' title='bbox 1295 4302 1297 4307; x_wconf 26' lang='lat'><strong>⁴</strong></span> 
     </span>
    </p>
   </div>
   <div class='ocr_carea' id='block_1_7' title="bbox 110 4355 1321 4501">
    <p class='ocr_par' dir='ltr' id='par_1_11' title="bbox 110 4355 1321 4501">
     <span class='ocr_line' id='line_1_38' title="bbox 110 4355 1321 4425; baseline 0.002 -19"><span class='ocrx_word' id='word_1_373' title='bbox 110 4372 134 4405; x_wconf 80' lang='lat' dir='ltr'>ex</span> <span class='ocrx_word' id='word_1_374' title='bbox 148 4358 249 4408; x_wconf 74' lang='lat' dir='ltr'>infirmis</span> <span class='ocrx_word' id='word_1_375' title='bbox 268 4355 434 4412; x_wconf 61' lang='lat' dir='ltr'>dumetae:</span> <span class='ocrx_word' id='word_1_376' title='bbox 462 4360 569 4423; x_wconf 70' lang='lat' dir='ltr'>exfirmis</span> <span class='ocrx_word' id='word_1_377' title='bbox 671 4358 704 4412; x_wconf 84' lang='lat'>23</span> <span class='ocrx_word' id='word_1_378' title='bbox 724 4360 821 4425; x_wconf 87' lang='lat' dir='ltr'>frigoris</span> <span class='ocrx_word' id='word_1_379' title='bbox 841 4357 1004 4412; x_wconf 71' lang='lat' dir='ltr'>deteriores:</span> <span class='ocrx_word' id='word_1_380' title='bbox 1031 4358 1136 4423; x_wconf 86' lang='lat' dir='ltr'>fragoris</span> <span class='ocrx_word' id='word_1_381' title='bbox 1233 4361 1321 4409; x_wconf 90' lang='lat' dir='ltr'>iturum</span> 
     </span>
     <span class='ocr_line' id='line_1_39' title="bbox 111 4444 777 4501; baseline 0 -8"><span class='ocrx_word' id='word_1_382' title='bbox 111 4444 132 4493; x_wconf 91' lang='lat' dir='ltr'>in</span> <span class='ocrx_word' id='word_1_383' title='bbox 146 4449 225 4498; x_wconf 83' lang='lat' dir='ltr'>tabem</span> <span class='ocrx_word' id='word_1_384' title='bbox 244 4445 408 4501; x_wconf 76' lang='lat' dir='ltr'>deteriores:</span> <span class='ocrx_word' id='word_1_385' title='bbox 430 4449 517 4498; x_wconf 85' lang='lat' dir='ltr'>iturum</span> <span class='ocrx_word' id='word_1_386' title='bbox 537 4455 559 4498; x_wconf 91' lang='lat' dir='ltr'>et</span> <span class='ocrx_word' id='word_1_387' title='bbox 578 4449 634 4499; x_wconf 81' lang='lat' dir='ltr'>otiu</span> <span class='ocrx_word' id='word_1_388' title='bbox 653 4450 678 4496; x_wconf 90' lang='lat' dir='ltr'>in</span> <span class='ocrx_word' id='word_1_389' title='bbox 699 4449 777 4498; x_wconf 68' lang='lat' dir='ltr'>tabee</span> 
     </span>
    </p>
   </div>
   <div class='ocr_carea' id='block_1_8' title="bbox 1072 4536 1109 4589">
    <p class='ocr_par' dir='ltr' id='par_1_12' title="bbox 1072 4536 1109 4589">
     <span class='ocr_line' id='line_1_40' title="bbox 1072 4536 1109 4589; baseline 0 -18"><span class='ocrx_word' id='word_1_390' title='bbox 1072 4536 1109 4589; x_wconf 76' lang='grc'>9*</span> 
     </span>
    </p>
   </div>
   <div class='ocr_carea' id='block_1_9' title="bbox 0 0 1551 5092">
    <p class='ocr_par' dir='ltr' id='par_1_13' title="bbox 0 0 1551 5092">
     <span class='ocr_line' id='line_1_41' title="bbox 0 0 1551 5092; baseline 0 0"><span class='ocrx_word' id='word_1_391' title='bbox 0 0 1551 5092; x_wconf 95' lang='lat' dir='ltr'> </span> 
     </span>
    </p>
   </div>
  </div>
 </body>
</html>
