3060 5078
329 322 407 366 urnL.
423 322 462 366 XI.
492 323 533 363 AD
549 322 685 364 HELVIAM
701 323 832 370 MATREM
847 323 887 364 DE
902 324 1144 368 CONSOLATIONE.
1177 328 1207 371 19.
1317 330 1380 393 269
1449 296 1451 299 v

118 487 132 538 l
243 471 329 534 XIX.
370 470 549 532 Maximum
586 469 689 532 adhuc
723 469 874 532 solacium
905 479 994 533 tuum
1025 479 1202 547 tacueram,
1240 493 1384 535 sororem

154 589 251 654 tuam,
274 579 349 640 illud
371 563 586 640 fidelissimum
610 577 665 639 tibi
689 587 807 658 pectus,
831 577 861 638 in
884 578 973 657 quod
996 597 1107 640 omnes
1130 600 1223 641 curae
1238 588 1311 642 tuae
1326 601 1385 662 pro

153 687 286 770 indiuiso
327 684 566 759 transferuntur,
605 685 690 746 illum
729 686 868 746 animum
900 684 1046 746 omnibus
1077 687 1167 747 nobis
1199 696 1385 750 maternum.

90 859 93 870 ,
154 814 226 855 cum
251 794 309 855 hac
332 802 366 855 tu
389 793 532 854 lacrimas
555 800 625 853 tuas
649 792 804 864 miscuisti,
828 792 859 852 in
878 790 967 882 huius
983 793 1119 873 primum
1135 795 1293 875 respirasti
1308 797 1384 856 sinu.

116 922 136 979 2
154 900 206 962 illa
235 901 364 981 quidem
395 899 536 961 adlectus
566 908 638 961 tuos
669 919 795 981 semper
821 901 979 981 sequitur:
1013 901 1043 960 in
1075 920 1147 962 mea
1177 907 1297 961 tamen'
1314 921 1383 982 per·
1413 923 1424 960 s

154 1027 234 1069 sona
264 1026 328 1068 non
358 1015 482 1068 tantum
511 1027 569 1088 pro
593 1015 625 1068 te
650 1006 744 1067 dolet.
790 1005 868 1067 illius
892 1005 1036 1068 manibus
1059 1008 1089 1067 in
1113 1008 1223 1069 urbem
1248 1007 1385 1087 perlatus

154 1134 234 1175 sum.
287 1113 365 1175 illius
400 1115 453 1195 pio
485 1122 692 1194 maternoque
722 1114 852 1174 nutricio
883 1134 941 1194 per
971 1114 1101 1194 longum
1133 1122 1259 1195 tempus
1291 1134 1384 1196 aeger

109 1211 112 1219 ’
155 1219 306 1281 conualui.
352 1220 403 1282 illa
434 1241 491 1302 pro
523 1228 693 1302 quaestura
716 1240 788 1282 mea
811 1221 944 1300 gratiam
969 1241 1058 1306 suam
1083 1221 1227 1283 extendit
1250 1230 1282 1282 et
1304 1242 1386 1302 quae

155 1348 195 1388 ne
219 1330 371 1389 sermonis
394 1327 522 1408 quidem
546 1335 600 1388 aut
624 1327 726 1388 clarae
749 1327 942 1388 salutationis
965 1329 1108 1389 sustinuit
1131 1329 1303 1402 audaciam,
1327 1349 1385 1409 pro

155 1455 207 1495 me
231 1435 303 1496 uicit
326 1434 519 1514 indulgentia
542 1435 773 1496 uerecundiam.
821 1434 894 1496 nihil
917 1434 958 1495 illi
981 1436 1147 1496 seductum
1172 1436 1254 1496 uitae
1278 1455 1385 1514 genus,
1403 1455 1425 1492 n

155 1540 229 1602 nihil
261 1541 418 1602 modestia
448 1541 478 1602 in
502 1549 590 1602 tanta
613 1540 797 1603 seminarum
822 1541 993 1622 petulantia
1024 1542 1152 1616 rustica,
1185 1540 1257 1601 nihil
1289 1543 1385 1621 quies

155 1647 229 1709 nihil
251 1650 363 1709 secreti
386 1656 418 1708 et
441 1648 483 1708 ad
506 1650 605 1709 otium
629 1648 757 1727 repositi
780 1667 884 1708 mores
908 1647 1106 1721 obstiterunt,
1130 1668 1192 1728 quo
1210 1649 1311 1707 minus
1327 1668 1385 1727 pro

120 1773 135 1826 3
156 1775 208 1816 me
232 1756 327 1816 etiarn
350 1754 517 1815 ambitiosa
541 1754 638 1836 fieret.
676 1754 738 1816 hoc
762 1762 818 1828 est,
843 1763 944 1815 mater
967 1754 1133 1826 carissima,
1156 1753 1305 1814 solacium
1322 1775 1386 1834 quo

155 1860 318 1924 reficiaris:
350 1851 397 1922 illi·
415 1872 455 1935 te,
478 1870 631 1942 quantum
655 1858 759 1942 potes,
784 1863 885 1941 iunge,
909 1851 986 1921 illius
1010 1860 1169 1922 artissimis
1185 1860 1386 1942 amplexibus

155 1968 267 2048 adliga.
306 1967 410 2029 solent
433 1977 610 2029 maerentes
634 1988 678 2041 ea,
703 1987 784 2054 quae
800 1968 941 2029 maxime
957 1967 1097 2047 diligunt,
1121 1965 1230 2047 fugere
1246 1976 1278 2028 et
1293 1953 1425 2028 liber-„¹5

155 2082 256 2135 tatem
287 2074 389 2136 dolori
420 2094 479 2136 suo
502 2095 670 2156 quaerere:
705 2083 739 2135 tu
762 2075 803 2135 ad
828 2073 911 2135 illam
936 2082 984 2147 te,
1015 2073 1167 2154 quidquid
1191 2075 1386 2153 cogitaueriS,

156 2180 270 2243 confer.
309 2184 373 2243 siue
396 2184 638 2243 seruareistum
663 2167 806 2242 habitum
823 2180 912 2242 uoles
928 2181 993 2242 siue
1010 2181 1178 2260 deponere,
1202 2179 1285 2261 apud
1301 2179 1385 2241 illam

117 2289 293 2360 ainuenies
324 2288 374 2349 uel
405 2287 499 2350 finem
530 2289 649 2350 doloris
680 2288 723 2366 tui
755 2287 805 2349 uel
836 2289 994 2349 comitem.
1045 2288 1102 2348 sed
1134 2288 1159 2348 si
1188 2270 1385 2368 prudentiam

155 2394 400 2477 perfectissimae
423 2395 558 2456 feminae
581 2396 663 2469 noui,
687 2415 750 2455 non
773 2394 910 2476 patietur
925 2403 958 2455 te
973 2393 1049 2479 nihil
1062 2393 1226 2475 profuturo
1243 2414 1386 2455 maerore

156 2503 300 2564 consumi
330 2510 362 2563 et
393 2502 575 2581 exemplum
607 2500 663 2562 tibi
693 2522 801 2575 suurn,
833 2504 917 2563 cuius
946 2520 1008 2580 ego
1032 2486 1133 2561 etiam¹
1151 2509 1311 2580 spectator
1334 2499 1385 2574 sui,
1399 2518 1425 2581 ru

156 2608 304 2670 narrabit.
350 2607 542 2669 carissimum
563 2609 662 2669 uirum
687 2606 1054 2674 amiserat..auonculum
1078 2614 1230 2678 nostrum,
1255 2608 1302 2667 cui
1326 2608 1384 2668 uir-

157 2736 201 2796 go
224 2725 381 2796 nupserat,
405 2716 436 2775 in
458 2717 526 2796 ipsa
549 2715 678 2796 quidem
702 2715 921 2794 nauigatione:
955 2713 1025 2775 tulit
1048 2704 1155 2775 tamen
1172 2714 1288 2775 eodem
1305 2722 1384 2775 tem·
1441 2773 1444 2777 ,

156 2841 236 2903 pore
266 2831 299 2882 et
329 2821 447 2882 luctum
480 2829 512 2882 et
543 2830 664 2882 metum
698 2820 868 2901 euictisque
899 2821 1141 2902 tempestatibus
1174 2841 1287 2902 corpus
1320 2823 1385 2882 eius

116 2927 309 3008 5naufraga
345 2929 459 2990 euexit.
513 2948 533 2989 o
565 2948 662 3008 quarn
694 2927 866 2990 multorum
900 2928 1028 3008 egregia
1059 2947 1156 3009 opera
1188 2929 1218 2988 in
1249 2927 1386 2988 obscuro

157 3036 277 3097 iacent!
311 3036 337 3096 si
359 3034 432 3096 huic
453 3035 505 3097 illa
532 3030 668 3115 simplex
696 3035 888 3097 admirandis
912 3034 1077 3095 uirtutibus
1100 3035 1283 3114 contigisset
1307 3035 1384 3095 anti·
1400 3050 1426 3090 25

156 3143 269 3223 quitaS,
292 3151 410 3223 quanto
434 3142 631 3221 ingeniorum
648 3142 821 3203 certamine
834 3140 1044 3202 celebraretur
1061 3161 1152 3215 uxor,
1176 3161 1264 3222 quae,
1289 3140 1387 3201 oblita

157 3248 378 3323 inbecillitatis,
402 3248 500 3310 oblita
524 3249 685 3310 metuendi
709 3249 804 3309 etiam
827 3247 1010 3309 firmissimis
1034 3249 1146 3322 mariS,
1177 3253 1272 3328 caput
1295 3267 1386 3309 suum

159 3355 301 3435 periculis
324 3374 383 3434 pro
407 3354 567 3436 sepultura
590 3354 706 3416 obiecit
729 3363 769 3428 et,
794 3356 870 3415 dum
895 3357 1014 3434 cogitat
1037 3355 1079 3415 de
1103 3356 1158 3415 uiri
1174 3353 1290 3428 funere,
1313 3352 1387 3415 nihil

160 3463 201 3523 de
224 3482 282 3523 suo
297 3462 420 3541 timuit?
451 3460 635 3523 nobilitatur
650 3461 839 3523 carminibus
855 3462 1006 3536 omnium,
1030 3481 1111 3542 quae
1127 3474 1162 3522 se
1177 3482 1236 3542 pro
1253 3462 1387 3541 coniuge

159 3569 305 3630 uicariam
335 3569 442 3630 dedit:
476 3567 538 3630 hoc
561 3569 693 3651 amplius
717 3577 780 3642 est,
810 3568 986 3634 discrimine
1010 3568 1092 3631 uitae
1115 3568 1294 3649 sepulcrum
1319 3567 1386 3628 uiro
1401 3581 1426 3621 30

115 3694 141 3746 6,
159 3694 317 3755 quaerere.
363 3676 465 3763 maior
487 3684 536 3736 est
559 3656 657 3749 amor,
681 3677 733 3755 qui
757 3668 829 3755 pari
846 3675 985 3756 periculo
1010 3675 1112 3736 minus
1135 3661 1267 3737 redimit.
1313 3682 1387 3756 post

159 3782 222 3842 hoc
251 3801 348 3843 nemo
380 3783 524 3857 miratur,
556 3783 645 3862 quod
675 3803 732 3862 per
763 3781 900 3843 sedecim
924 3801 1033 3858 annos
1050 3782 1171 3862 quibus
1195 3781 1384 3862 Aegyptum

161 3960 172 4010 l
196 3965 319 4008 tacueram
339 3958 504 4012 deteriores:
525 3969 596 4008 taceo
616 3963 659 4010 era
681 3957 717 4026 (in
731 3973 818 4028 marg.
832 3974 865 4010 in.
881 3957 961 4026 iera)
1053 3958 1068 4010 2
1088 3959 1148 4008 illud
1168 3959 1194 4022 (d
1214 3956 1298 4024 corr.)

160 4039 176 4089 4
195 4041 243 4090 hac
264 4039 301 4106 (in
321 4041 387 4106 ras.)
478 4039 493 4091 5
514 4041 613 4090 affectus
633 4039 725 4110 (prior
739 4040 750 4088 f
761 4041 844 4104 corr.)
904 4071 917 4089 ι
935 4037 952 4090 7
970 4044 1108 4104 matemoq;
1131 4039 1167 4104 (q;
1189 4053 1259 4092 corr.
1275 4053 1312 4091 ex
1330 4037 1385 4104 que)

137 4126 141 4130 ’
250 4118 397 4186 8questura
488 4119 625 4173 9audatift
716 4119 749 4171 12
767 4135 816 4184 quo
830 4121 872 4182 (uo
887 4119 970 4184 corr.)
1057 4118 1089 4169 15
1110 4119 1185 4182 alliga
1268 4130 1388 4168 merenies

251 4200 284 4253 16
308 4218 408 4266 querere
516 4210 546 4266 et,
566 4199 640 4269 quod
657 4199 813 4269 superiores
840 4198 958 4252 editores
983 4204 1045 4251 onte
1069 4201 1187 4264 quidquid
1212 4196 1387 4261 addiderant,

150 4277 261 4333 deleuit
276 4277 358 4335 Gertz
441 4282 557 4347 quicquid
643 4279 675 4332 17
689 4281 754 4344 apud
769 4278 795 4344 (d
809 4282 893 4344 corr.)
980 4279 1010 4331 21
1028 4280 1152 4333 auunculi]
1165 4278 1269 4348 (prima
1280 4296 1293 4326 u
1305 4279 1387 4343 corr.)

144 4379 149 4386 ·
250 4361 284 4414 24
303 4363 422 4427 naufraga
435 4364 515 4412 euexit
529 4359 609 4413 dett:
630 4362 774 4425 naufraga*
793 4361 857 4408 uexit
948 4361 1078 4409 multorum
1094 4355 1191 4412 Gertz:
1206 4361 1308 4416 multatt

111 4444 116 4451 '
161 4441 196 4494 30
215 4444 347 4507 sepulchris
438 4441 467 4494 3l
490 4457 598 4506 querere.
