3046 5092
370 322 509 365 DIAL.XH.
541 323 580 362 AD
596 322 748 363 POLYBIVM
765 322 804 362 DE
818 321 1062 366 CONSOLATIONE.
1088 327 1109 366 6.
1126 328 1145 368 7.
1304 331 1366 390 277

144 468 343 544 describunt,
375 469 504 549 quibuS,
536 489 607 530 cum
636 467 761 530 fortuna
784 475 838 530 tua
861 489 941 549 opus
965 489 1029 530 non
1052 471 1106 544 sit,
1139 470 1263 551 ingenio
1288 492 1369 552 opus

143 587 201 652 est,
225 579 374 650 custodes
398 576 492 637 animi
515 575 558 636 tui
582 583 663 637 sunt.
709 574 784 636 nihil
807 595 958 655 umquam
974 576 1079 655 itaque
1095 587 1188 659 potes
1205 578 1367 658 indignum

143 684 245 746 facere
267 682 396 764 perfecti
418 692 449 744 et
465 682 575 744 eruditi
593 682 646 743 uiri
662 681 866 763 professione,
890 691 924 743 ut
941 703 1004 744 non
1022 683 1138 746 mult'os
1155 685 1367 747 admirationis

108 805 123 857 4
144 793 184 852 de
201 800 233 851 te
249 810 324 852 suae
340 791 506 871 paeniteat.
544 788 695 850 nonlicet
712 788 767 850 tibi
784 787 858 850 flere
873 789 1050 852 inmodice:
1076 811 1134 852 nec
1150 790 1212 852 hoc
1228 799 1365 854 tantum-

144 896 243 958 modo
267 917 331 957 non
354 895 434 970 licet,
458 917 498 958 ne
520 915 668 958 somnum
693 896 821 975 quidem
843 897 1016 958 extendere
1032 897 1062 957 in
1078 906 1202 978 partem
1219 899 1280 960 diei
1296 899 1395 961 licetf»

143 1016 196 1067 aut
228 1025 247 1065 a
277 1002 412 1065 tumultu
441 1024 544 1064 rerum
569 1004 599 1064 in
623 1003 722 1064 otium
746 1003 823 1064 ruris
846 1003 942 1082 quieti
966 1003 1136 1084 confugere
1160 1002 1216 1066 aut¹
1236 1007 1369 1068 adsidua

142 1112 291 1173 laboriosi
314 1110 407 1172 officii
430 1110 565 1172 statione
589 1108 755 1189 fatigatum
780 1129 894 1191 corpus
918 1109 1092 1192 uoluptaria
1116 1113 1368 1193 peregrinatione

143 1238 283 1301 recreare
314 1225 368 1280 aut
392 1217 643 1299 spectaculorum
668 1217 820 1278 uarietate
842 1218 981 1278 animum
1006 1218 1145 1280 detinere
1168 1228 1222 1280 aut
1246 1241 1288 1282 ex
1310 1230 1367 1282 tuo

143 1325 270 1388 arbitrio
296 1325 380 1386 diem
406 1325 581 1405 disponere.
629 1325 700 1401 [26]
731 1322 830 1385 multa
853 1323 909 1384 tibi
933 1344 996 1384 non
1020 1323 1127 1399 licent,
1152 1346 1233 1405 quae
1255 1326 1366 1389 humil-

111 1432 222 1496 blimis
254 1431 346 1493 etin
377 1429 495 1511 angulo
526 1429 698 1492 iacentibus
729 1429 832 1495 licent.
878 1450 995 1510 magna
1023 1431 1155 1493 seruitus
1179 1442 1227 1493 est
1252 1454 1368 1514 magna
1383 1444 1407 1485 ¹⁰

143 1539 276 1601 fortuna.
322 1558 385 1599 non
417 1536 488 1599 licet
520 1537 577 1598 tibi
608 1537 776 1617 quicquam
808 1536 935 1598 arbitrio
967 1544 1024 1597 tuo
1055 1536 1176 1602 facere:
1211 1539 1368 1602 audienda

142 1655 213 1707 sunt
243 1655 291 1708 tot
310 1644 478 1706 'hominum
503 1642 600 1715 milia,
630 1652 679 1704 tot
704 1643 892 1723 disponendi
915 1641 1016 1704 libelli.
1065 1652 1172 1707 tantus
1196 1666 1300 1707 rerum
1325 1667 1367 1710 ex
1448 1671 1452 1677 ·

143 1753 220 1813 orbe
243 1761 314 1814 toto
331 1753 512 1821 coeuntium
530 1759 700 1831 congestus
717 1759 751 1811 ut
766 1753 866 1832 possit
881 1771 938 1831 per
955 1752 1098 1813 ordinem
1115 1773 1206 1814 suum
1222 1755 1367 1837 principis

143 1860 273 1921 maximi
303 1860 406 1920 animo
431 1857 544 1932 subici,
577 1858 743 1938 erigendus
766 1859 833 1938 ipse
857 1878 899 1918 es,
946 1879 1009 1919 non
1033 1858 1104 1921 licet
1128 1859 1199 1934 tibi,
1229 1856 1366 1942 inquam,

142 1965 232 2038 flere,
271 1973 304 2026 ut
336 1964 453 2026 multos
484 1963 595 2025 flentes
626 1965 733 2025 audire
763 1966 872 2044 possis
927 1975 962 2025 ut
992 1964 1230 2044 periclitantium
1262 1975 1294 2027 et
1325 1969 1366 2028 ad
1384 1986 1406 2026 15

143 2072 388 2134 misericordiam
427 2071 580 2132 mitissimi
613 2069 754 2133 Caesaris
792 2071 955 2150 peruenire
993 2072 1184 2152 cupientium
1220 2071 1367 2135 lacrimae

141 2180 272 2261 possint,
296 2176 352 2239 tibi
376 2186 450 2239 tuae
473 2178 680 2240 adsiccandae
704 2186 783 2240 sunt.

111 2295 122 2346 l
231 2285 300 2346 VII.
332 2283 422 2346 Haec
454 2294 561 2346 tamen
586 2285 764 2346 etiamnunc
787 2284 957 2346 lenioribus
981 2285 1126 2346 remediis
1150 2263 1360 2348 adiuuabuni:

143 2414 213 2455 cum
238 2392 326 2461 uoles
350 2394 490 2453 omnium
515 2412 619 2453 rerum
643 2390 792 2466 obliuisci,
818 2389 986 2453 Caesarem
1011 2392 1122 2471 cogita.
1164 2393 1243 2467 uide,
1268 2414 1363 2472 quan-

142 2511 217 2562 tam
237 2499 328 2560 huius
352 2500 381 2559 in
405 2508 437 2560 te
460 2496 673 2579 indulgentiae
697 2497 809 2572 fidem,
841 2507 992 2578 quantam
1016 2498 1200 2560 industriam
1226 2499 1363 2561 debeas:
1380 2517 1407 2558 ro

143 2606 305 2686 intelleges
336 2627 400 2666 non
424 2605 524 2685 magis
548 2605 604 2667 tibi
627 2605 785 2666 incuruari
804 2603 896 2688 licere
919 2625 1014 2684 quam
1038 2603 1094 2678 illi,
1126 2605 1150 2665 si
1175 2606 1243 2684 quis
1267 2606 1366 2666 modo

111 2720 191 2774 ‘test
214 2712 326 2774 fabulis
349 2712 489 2784 traditus
514 2712 598 2772 cuius
623 2712 736 2772 umeris
761 2712 897 2773 mundus
921 2711 1064 2772 innititur.
1097 2708 1223 2773 Caesari
1239 2732 1368 2792 quoque

141 2820 205 2901 ipsi,
231 2820 281 2880 cui
302 2819 408 2880 omnia
424 2818 525 2892 licent,
546 2827 676 2899 propter
691 2818 754 2879 hoc
770 2818 871 2899 ipsum
890 2816 988 2879 multa
1004 2837 1069 2877 non
1085 2817 1197 2878 licent:
1224 2818 1366 2879 omnium

142 2946 272 2987 somnos
296 2925 374 2986 illius
399 2925 502 3005 uigilia
525 2924 682 2999 defendit,
706 2924 847 2985 omnium
872 2926 971 2985 otium
996 2923 1073 2985 illius
1096 2922 1200 2998 labor,
1225 2925 1365 2985 omnium

142 3031 267 3093 delicias
298 3031 375 3093 illius
406 3032 571 3106 industria,
605 3031 746 3091 omnium
778 3031 975 3101 uacationem
1000 3030 1079 3091 illius
1102 3030 1276 3110 occupatio.
1322 3050 1366 3101 >ex
1380 3050 1405 3088 rr

143 3161 206 3219 quo
240 3160 274 3200 se
298 3136 414 3200 Caesar
443 3139 512 3199 orbi
540 3147 692 3200 terrarum
717 3138 892 3210 dedicauit,
924 3137 982 3199 sibi
1006 3137 1125 3216 eripuit.
1147 3119 1151 3130 ¹
1172 3146 1204 3198 et
1227 3136 1364 3198 siderum

143 3225 258 3320 modo,
289 3265 371 3324 quae
402 3245 574 3324 inrequieta
601 3263 727 3323 semper
757 3264 863 3306 cursus
887 3264 962 3305 suos
986 3242 1162 3324 explicant,
1193 3263 1365 3322 numquam

230 3458 244 3509 ’1
266 3458 410 3507 confortuna
429 3464 470 3504 tuo
484 3454 510 3508 B
599 3456 615 3508 2
635 3458 716 3520 itaque
729 3454 838 3525 Lipsius
851 3456 884 3504 ita
901 3452 980 3508 ΒΒΕ
1066 3455 1081 3506 3
1101 3456 1202 3520 perfecti
1218 3451 1367 3507 Pincianus

142 3547 244 3611 profecti
268 3543 345 3598 ΒΒΕ
450 3545 466 3594 4
492 3547 523 3594 de
541 3551 565 3594 te
583 3561 640 3594 suae
659 3543 685 3597 B
704 3546 735 3594 de
753 3562 779 3595 se
797 3561 854 3594 suae
877 3541 927 3595 ΒΕ
1032 3541 1047 3595 5
1071 3544 1204 3602 nonlicet,
1224 3542 1367 3597 neHaase

143 3651 192 3684 non
211 3635 267 3684 licet
286 3651 331 3683 nec
352 3632 376 3685 B
394 3651 442 3683 non
463 3634 519 3684 licet
537 3635 582 3683 tibi
600 3649 646 3682 nec
667 3630 720 3685 ΒΕ
824 3649 955 3697 sompnum
974 3635 998 3682 in
1017 3638 1111 3698 partem
1131 3630 1158 3684 B
1259 3629 1366 3696 6quieti

142 3722 251 3792 Lipsius
274 3725 362 3789 quietis
382 3721 462 3775 ΒΒΕ
566 3722 745 3787 7uoluptaria
765 3720 844 3775 ΒΒΕ
859 3723 995 3772 uoluntaria
1015 3719 1127 3774 Fickert
1233 3721 1306 3774 Sex
1325 3727 1366 3770 tuo

144 3810 284 3863 arbitrioB
297 3810 383 3881 Neup.
402 3819 444 3861 tuo
464 3813 565 3862 arbitrio
582 3809 633 3864 ΒΕ
721 3811 754 3863 lO
769 3810 913 3875 7iaguloB
931 3813 956 3859 in
970 3812 1060 3876 angulo
1074 3808 1125 3863 ΒΕ
1213 3809 1245 3862 ’12
1265 3827 1293 3860 ex
1306 3811 1367 3859 orbe

144 3907 195 3950 toto
217 3901 242 3953 Β
261 3918 289 3950 ex
309 3906 360 3950 toto
380 3903 441 3951 orbe
460 3898 513 3953 ΒΕ
601 3900 634 3952 14
653 3902 740 3950 subicit
753 3898 779 3951 B
869 3900 997 3965 erigendus
1011 3901 1062 3964 ipse
1075 3916 1100 3948 es
1113 3897 1366 3968 Lr'psfusexigendus

144 3993 163 4040 is
182 3998 218 4041 est
237 3989 263 4042 B
282 3992 411 4055 erigendus
430 3992 449 4039 is
469 3996 503 4040 est
516 3987 571 4042 ΒΕ
659 3989 691 4042 16
710 3990 828 4038 lacrimae
846 3991 939 4053 possint
952 3986 1007 4041 ΒΕ
1016 3986 1110 4056 Haupt
1121 3989 1239 4036 lacrimae
1255 3986 1278 4038 Β

145 4079 177 4131 ’18
202 4081 335 4129 lenioribus
360 4080 473 4129 remediis
496 4078 519 4131 Β
542 4080 674 4128 leuioribus
697 4085 721 4127 te
744 4079 858 4127 remediis
877 4075 932 4130 ΒΕ
952 4083 976 4125 te
999 4077 1131 4126 leuioribus
1150 4077 1263 4124 remediis
1285 4073 1366 4128 Gertz

233 4167 267 4220 20
286 4170 336 4218 inte
353 4167 375 4220 B
394 4170 441 4218 uite
455 4167 508 4221 ΒΕ
595 4167 629 4220 22
648 4165 786 4219 traditnsB
805 4167 906 4216 traditus
925 4167 995 4214 fauor
1010 4163 1061 4217 ΒΕ
1148 4163 1277 4217 inititurB

144 4257 178 4310 24
201 4274 302 4307 somnos
323 4256 458 4327 Spaldfuq
478 4259 566 4306 domos
589 4246 667 4310 ΒΒΕ
754 4255 787 4309 25
813 4257 980 4305 euocationem
1003 4253 1026 4306 Β
1120 4252 1153 4306 26
1179 4271 1205 4302 se
1223 4269 1292 4302 cesar
1310 4255 1365 4302 orbi

144 4344 170 4397 Β
188 4363 256 4396 cesar
275 4348 374 4395 se'orbi
395 4344 419 4399 Β
438 4363 506 4397 cesar
524 4349 579 4396 orbi
599 4345 626 4398 Ε
743 4345 875 4396 declinauil
896 4342 919 4396 B
1026 4343 1077 4390 sibi·
1092 4343 1178 4406 eripuit
1201 4340 1252 4394 ΒΕ
1274 4359 1300 4390 se
1318 4343 1365 4390 sibi

145 4433 275 4500 eripuitD
365 4435 399 4487 27
419 4433 531 4487 morel)
