3046 5092
319 353 399 396 DlAL.
413 346 454 393 lss.
484 353 525 392 AD
540 351 676 391 Hctvlnu
694 349 824 390 MATREM
838 351 879 390 DE
894 349 1135 392 CONSOLATIONE.
1166 355 1185 394 7.
1307 357 1370 421 253

144 500 233 573 sisse,
265 519 330 578 quo
361 498 503 578 genitum
535 505 591 559 est.
622 496 793 557 ¹adsiduus
824 496 946 574 generis
977 495 1104 558 humani
1135 498 1291 559 discursus
1315 508 1372 562 est.

144 605 258 667 cotidie
282 605 399 684 aliquid
422 606 453 666 in
476 612 543 665 tam
568 623 686 683 magno
710 602 789 664 orbe
813 610 960 665 mutatur.
1005 622 1090 664 noua
1114 603 1237 666 urbium
1262 604 1369 667 funda-

143 721 250 774 menta
281 712 439 773 iaciuntur.
485 730 570 772 noua
600 709 740 788 gentium
764 709 893 769 nomina
916 704 1242 790 extinctis'prioribus
1264 721 1319 774 aut
1342 714 1370 772 in

142 820 354 880 accessionem
385 816 544 878 ualidioris
567 816 724 877 conuersis
755 816 902 877 oriuntur.
949 835 1061 878 omnes
1085 825 1190 879 autem
1215 819 1292 879 istae
1315 839 1371 898 po-

141 923 289 1007 pulorum
328 925 610 1004 transportationes
649 922 725 1003 quid
761 921 844 983 aliud
874 943 970 1002 quam
1000 922 1126 1004 publica
1157 923 1249 986 exilia
1279 928 1371 987 sunt?
1400 942 1412 980 ὁ

93 1042 113 1096 3
141 1033 216 1113 quid
232 1039 266 1092 te
283 1039 348 1092 tam
365 1029 463 1110 longo
486 1030 613 1091 circuitu
636 1028 748 1090 traho?
780 1029 855 1107 quid
879 1029 1008 1091 interest
1028 1049 1210 1092 enumerare
1226 1029 1371 1093 Anteno-

141 1159 208 1200 rem
234 1137 343 1199 Pataui
369 1137 568 1198 conditorem
592 1144 624 1196 et
648 1135 832 1196 Euandrum
857 1135 887 1196 in
910 1135 976 1216 ripa
999 1135 1123 1198 Tiberis
1146 1157 1244 1218 regna
1271 1137 1371 1200 Arca-

142 1246 219 1306 dum
244 1241 487 1305 conlocantem?
518 1242 594 1323 quid
617 1241 798 1303 Diomeden
822 1241 975 1320 aliosque,
1006 1262 1086 1322 quos
1110 1242 1283 1305 Troianum
1306 1244 1372 1306 bel-

97 1367 121 1422 7
140 1351 206 1413 lum
224 1352 325 1413 uictos
340 1350 432 1412 simul
448 1347 646 1429 uictoresque
663 1368 719 1428 per
735 1347 850 1410 alienas
866 1357 965 1410 terras
985 1349 1167 1430 dissipauit?
1191 1352 1373 1413 Romanum

139 1458 306 1539 imperium
330 1475 445 1537 nempe
469 1464 630 1517 auctorem
655 1453 782 1516 exulem
807 1454 938 1534 respicit.
977 1475 1072 1537 quem
1094 1455 1264 1537 profugum
1281 1466 1374 1539 capta
1390 1471 1413 1510 ¹⁰

141 1564 251 1644 patria,
276 1562 407 1642 exiguas
430 1561 575 1641 reliquias
598 1559 776 1622 trahentem
800 1562 972 1624 necessitas
995 1570 1027 1623 et
1043 1563 1169 1624 uictoris
1186 1573 1290 1625 metus
1305 1563 1372 1625 lon-

140 1672 259 1750 ginqua
289 1678 492 1750 quaerentem
524 1669 554 1728 in
586 1666 707 1730 Italiam
740 1667 860 1729 detulit.
906 1667 956 1728 hic
987 1669 1103 1730 deinde
1130 1669 1265 1750 populus
1295 1680 1375 1751 quot

140 1777 281 1839 colonias
306 1775 339 1836 in
363 1794 492 1837 omnem
516 1773 710 1855 prouinciam
742 1774 846 1835 misit?
877 1773 1066 1855 ubicumque
1096 1776 1177 1850 uicit,
1208 1777 1374 1838 Romanus

140 1883 273 1945 habitat.
311 1883 352 1943 ad
376 1880 456 1942 hanc
480 1880 763 1942 commutationem
788 1879 930 1942 locorum
955 1880 1087 1943 libentes
1111 1870 1239 1943 nomina
1255 1883 1375 1945 dabant
1471 1916 1477 1928 ,

109 1998 172 2057 8et
205 1988 320 2051 relictis
348 1989 408 2049 aris
436 1987 499 2049 suis
522 1996 607 2049 trans
632 1986 729 2048 maria
752 1986 943 2066 sequebatur
965 1986 1097 2049 colonos
1120 1987 1279 2051 uexillum.
1325 2009 1375 2051 res
1392 2012 1415 2051 n

109 2173 111 2177 y
140 2097 273 2177 quidem
303 2115 367 2155 non
390 2094 551 2155 desiderat
574 2092 707 2175 plurium
733 2093 1011 2155 enumerationem.
1058 2115 1155 2156 unum
1178 2104 1286 2170 tamen
1309 2096 1373 2158 adi-

140 2204 232 2276 ciam,
255 2202 344 2282 quod
366 2201 396 2261 in
413 2199 522 2262 oculos
544 2221 579 2262 se
601 2200 719 2280 ingerit.
759 2199 838 2261 haec
860 2201 928 2281 ipsa
950 2199 1049 2262 insula
1071 2221 1167 2283 saepe
1190 2203 1252 2264 iam
1275 2202 1374 2264 culto-

140 2329 191 2371 res
215 2308 357 2370 mutauit.
398 2317 433 2370 ut
457 2307 641 2388 antiquiora,
664 2326 746 2387 quae
769 2316 909 2368 uetustas
933 2306 1078 2382 obduxit,
1101 2317 1269 2383 transeam,
1292 2308 1374 2371 Pho-

139 2417 211 2478 cide
235 2414 342 2476 relieta
365 2413 456 2488 Grai,
479 2414 532 2495 qui
556 2433 639 2475 nunc
663 2412 834 2486 Massiliam
858 2412 1005 2489 incolunt,
1030 2415 1115 2495 prius
1139 2417 1171 2476 in
1195 2415 1256 2478 hac
1278 2415 1376 2478 insula

142 2522 369 2595 consederunt,
399 2541 441 2582 ex
464 2540 527 2601 qua
550 2520 625 2601 quid
649 2539 706 2582 eos
729 2518 891 2600 lugauerit,
914 2521 1067 2583 incertum
1091 2530 1148 2596 est,
1171 2531 1275 2584 utrum
1300 2521 1417 2584 caelin

143 2630 283 2709 grauitas
314 2647 354 2689 an
389 2627 605 2708 praepotentis
636 2625 743 2688 ltaliae
774 2636 960 2706 conspectus
991 2646 1031 2688 an
1061 2637 1174 2689 natura
1203 2628 1377 2709 inportuosi
1405 2656 1408 2661 ·

143 2736 259 2797 maris:
294 2754 367 2795 nam
398 2735 429 2794 in
460 2752 554 2794 causa
584 2752 647 2793 non
672 2731 764 2794 luisse
792 2731 948 2794 feritatem
972 2732 1150 2796 accolarum
1175 2755 1214 2795 eo
1237 2722 1377 2817 apparet,

143 2843 232 2923 quod
264 2841 405 2902 maxime
427 2848 503 2901 tunc
526 2839 668 2908 trucibus,
686 2847 719 2900 et
742 2839 911 2900 inconditis
935 2838 1056 2902 Galliae
1078 2840 1202 2922 populis
1225 2862 1261 2902 se
1283 2843 1375 2902 inter-

109 2955 327 3030 9posuerunt
372 2949 560 3009 transierunt
583 2946 698 3006 deinde
721 2945 854 3025 Ligures
877 2948 908 3006 in
931 2966 1011 3022 eam,
1031 2948 1226 3034 *transierunt
1249 2957 1281 3009 et
1304 2948 1376 3008 His-

144 3057 235 3136 pani,
266 3055 354 3135 quod
385 3074 427 3114 ex
460 3053 661 3115 similitudine
684 3053 760 3114 ritus
784 3063 936 3133 apparet:
970 3055 1083 3116 eadem
1107 3057 1189 3116 enim
1213 3063 1378 3135 tegmenta
1391 3071 1417 3110 25

145 3163 284 3244 capltum
307 3161 456 3240 idemque
480 3179 586 3239 genusv
603 3158 814 3234 calciamenti,
836 3160 924 3239 quod
939 3159 1114 3246 'Cantabris
1138 3170 1201 3236 est,
1225 3170 1258 3222 et
1280 3161 1377 3223 uerba

145 3269 314 3350 quaedam.
352 3278 426 3328 nam
450 3276 536 3328 totus
561 3285 667 3327 sermo
689 3268 929 3328 conuersatione
953 3266 1147 3330 Graecorum
1164 3267 1377 3348 Ligurumque

146 3376 291 3463 apatrip
316 3373 455 3437 desciuit
501 3372 660 3434 deductae
683 3373 799 3434 deinde
822 3380 895 3434 sun‘t
917 3375 998 3435 duae
1021 3375 1134 3435 ciuium
1157 3374 1377 3436 Romanorum
1454 3377 1458 3387 '

147 3471 304 3554 coloniae,
336 3479 435 3542 altera
464 3499 484 3540 a
514 3477 632 3554 Mari0,
663 3478 762 3542 altera
789 3500 808 3541 a
838 3478 946 3551 Sulla:
979 3481 1095 3542 totiens
1126 3479 1216 3542 huius
1247 3481 1323 3542 aridi
1346 3489 1378 3542 et

97 3601 128 3655 ιο
146 3588 266 3670 spinosi
300 3586 370 3648 saxi
401 3593 540 3647 mutatus
571 3595 619 3648 est
650 3585 795 3668 populus.
848 3586 903 3646 uix
942 3586 1077 3667 denique
1114 3587 1252 3648 inuenies
1283 3586 1377 3648 ullam
1392 3602 1417 3641 ³⁰

146 3702 274 3769 terram,
297 3713 393 3774 quam
417 3695 596 3754 etiamnunc
620 3693 786 3772 indigenae
809 3690 922 3753 colant.
967 3694 1128 3774 permixta
1149 3694 1257 3755 omnia
1279 3703 1311 3755 et
1333 3695 1377 3756 in-

147 3800 247 3862 siticia
278 3807 358 3861 sunt.
404 3798 482 3861 alius
512 3798 562 3860 alii
590 3800 746 3862 successit.
791 3797 842 3861 hic
870 3797 1056 3882 concupiuit,
1079 3800 1165 3881 quod
1188 3798 1230 3861 illi
1253 3798 1378 3887 fastidio

216 4058 231 4084 n

152 4100 237 4152 5tras
250 4100 402 4164 portationes
493 4099 559 4148 aliud
579 4100 606 4164 (d
619 4099 702 4165 corr.)
793 4099 893 4164 puplica
983 4098 1123 4152 sscircl'litu
1212 4099 1243 4151 11
1264 4100 1378 4164 reliquias

150 4190 264 4240 trahente
284 4188 322 4253 (as
341 4195 362 4236 tr
380 4188 407 4240 in
426 4188 495 4252 ras.)
547 4249 551 4257 .
600 4187 632 4240 14
651 4189 772 4238 habitat*
876 4187 908 4239 lt)
933 4188 1047 4238 uexillum
1067 4184 1196 4256 Maduiq:
1216 4204 1289 4238 senex

613 4288 623 4314 s
1037 4277 1040 4283 .

110 4306 118 4314 ’
152 4329 186 4382 19
204 4331 268 4396 grau
288 4330 315 4396 (a
334 4328 361 4381 tn
380 4335 448 4394 ras.)
503 4356 508 4369 ·
539 4330 573 4381 25
593 4330 770 4379 eximilitudine
785 4331 807 4397 (s
820 4346 853 4382 m.
861 4346 908 4400 pr.
921 4334 951 4381 ur
963 4327 1083 4393 uidetur)
1174 4327 1208 4380 29
1227 4330 1289 4393 syna

152 4453 187 4507 31
206 4455 312 4504 insiticia
332 4461 385 4504 sunt
398 4451 548 4508 Piltcianus
566 4452 674 4522 (insitiua
692 4462 745 4504 sunt
760 4451 868 4520 Germ:
889 4455 997 4503 instituta
1015 4460 1069 4503 sunt
1159 4452 1193 4506 32
1212 4430 1253 4503 ali¹
