3046 5092
239 342 278 404 82
601 335 681 375 Dtnt..
698 335 734 375 IV.
764 336 804 376 DE
819 335 871 376 IRA
886 336 940 379 LlB.
958 337 986 379 ΙΙ.
1015 339 1097 380 stan.

236 481 400 543 Romanus
423 481 580 542 fideliores
604 480 702 542 habet
725 482 828 542 socios
849 469 944 562 quam
969 502 1050 562 quos
1073 481 1183 543 habuit
1199 482 1469 563 pertinacissimos

234 587 361 649 hostes?
385 589 473 668 quod
497 586 593 648 hodie
617 598 701 661 esset
717 589 890 667 imperium,
914 589 970 649 nisi
994 588 1125 650 salubris
1148 589 1349 669 prouidentia
1365 590 1468 650 uictos

234 694 466 774 permiscuisset
496 693 687 754 uictoribus?
734 695 885 754 irascetur
922 693 1049 776 aliquis:
1092 704 1125 755 tu
1157 705 1268 756 contra
1306 693 1499 763 beneficiis5

234 820 376 880 prouoca
431 800 515 861 cadit
538 801 643 860 statim
659 793 808 861 'simultas
832 800 873 861 ab
890 799 989 861 altera
1011 811 1101 880 parte
1117 802 1251 862 deserta.
1298 801 1356 861 nisi
1379 802 1467 882 paria

208 924 298 967 anon
330 915 482 986 pugnant.
529 907 554 967 si
592 907 748 986 utrimque
787 915 873 967 certa
911 907 1041 968 uictoria
1073 907 1284 968 concurritur:
1326 905 1378 968 ille
1417 914 1465 968 es't

234 1012 345 1073 melior
368 1012 420 1093 qui
444 1013 530 1093 prior
552 1013 669 1092 pedem
693 1011 825 1085 rettulit,
849 1013 947 1073 uictus
971 1022 1019 1074 est
1035 1014 1087 1094 qui
1110 1013 1190 1074 uicit.
1236 1014 1392 1093 percussit
1413 1023 1461 1075 te:

233 1120 355 1180 recede.
402 1117 579 1180 referiendo
604 1118 686 1178 enim
719 1128 751 1177 et
775 1119 976 1179 occasionem
1000 1120 1124 1198 saepius
1155 1119 1282 1180 feriendi
1316 1120 1409 1180 dabis
1433 1130 1463 1181 et

233 1225 482 1286 excusationem.
528 1244 592 1284 non
615 1225 733 1304 poteris
757 1224 871 1297 reuelli,
895 1244 966 1285 curn
991 1224 1087 1286 uoles.

322 1331 456 1392 XXXV.
503 1331 665 1411 Numquid
689 1330 763 1391 uelit
779 1331 943 1410 quisquam
968 1341 1034 1392 tam
1052 1332 1189 1410 grauiter
1212 1330 1340 1392 hostem
1365 1331 1461 1405 ferire,
1485 1352 1489 1398 t

194 1461 218 1499 iu
232 1447 267 1498 ut
306 1436 459 1518 relinquat
497 1457 626 1497 manum
665 1438 694 1496 in
733 1436 861 1498 uolnere
900 1445 932 1498 et
968 1454 1002 1498 se
1033 1439 1074 1499 ab
1113 1437 1176 1498 ictu
1208 1457 1361 1500 reuocare
1400 1459 1461 1500 non

231 1545 349 1624 possit?
374 1544 459 1624 atqui
483 1543 545 1604 tale
568 1544 613 1604 ira
636 1542 732 1603 telum
757 1553 823 1604 est:
859 1545 912 1605 uix
945 1543 1118 1605 retrahitur.
1166 1564 1255 1605 arma
1287 1545 1382 1606 nobis
1406 1566 1459 1607 ex-

230 1651 339 1731 pedita
358 1651 574 1730 prospicimus
591 1649 731 1729 gladium
749 1651 957 1711 commodum
975 1658 1006 1711 et
1022 1649 1180 1712 habilem:
1204 1670 1268 1711 non
1292 1651 1461 1713 uitabimus

230 1759 353 1838 inpetus
376 1757 470 1817 animi
494 1755 553 1817 hos
577 1773 705 1834 graues.
737 1754 902 1818 funerosos
934 1765 966 1817 et
989 1756 1235 1818 inreuocabiles?
1267 1777 1306 1819 ea
1329 1759 1490 1821 demum2

230 1862 380 1924 uelocitas
403 1856 528 1942 placet,'
550 1882 631 1942 quae
655 1862 707 1923 ubi
731 1863 814 1923 iussa
837 1872 885 1923 est
920 1863 1088 1942 uestigium
1112 1863 1192 1924 sistit
1216 1882 1275 1924 nec
1298 1862 1382 1924 ultra
1406 1865 1457 1925 de-

193 1993 215 2032 n
230 1970 344 2030 stinata
375 1969 530 2048 procurrit
561 1967 706 2047 flectique
738 1978 770 2028 et
800 1988 818 2029 a
850 1989 940 2030 cursu
972 1970 1014 2030 ad
1044 1948 1180 2049 giadum
1212 1970 1319 2031 reduci
1343 1981 1458 2050 potest.

229 2094 344 2154 aegros
367 2075 482 2135 scimus
505 2094 621 2134 neruos
644 2094 722 2148 esse,
746 2074 798 2135 ubi
820 2075 921 2135 inuitis
945 2075 1037 2136 nobis
1061 2086 1236 2136 mouentur.
1282 2096 1385 2137 senex
1408 2086 1459 2138 aut

229 2180 341 2241 infirmi
365 2181 509 2260 corporis
534 2188 591 2254 est,
622 2181 674 2260 qui
698 2200 769 2240 curn
794 2180 957 2242 ambulare
981 2181 1047 2242 uult
1078 2182 1188 2242 currit:
1223 2177 1321 2244 animi
1354 2192 1458 2244 motus

229 2307 285 2348 eos
308 2296 455 2367 putemus
479 2286 661 2347 sanissimos
685 2286 970 2374 ualidissimosqueq
994 2288 1045 2368 qui
1068 2297 1179 2348 nostro
1202 2286 1332 2352 arbitrio
1362 2289 1457 2363 ibunt,

228 2415 292 2454 non
331 2413 389 2454 suo
427 2391 573 2453 ferentur.
622 2391 696 2453 nihil
735 2402 842 2453 tamen
873 2413 973 2474 aeque
1006 2394 1156 2473 profuerit
1186 2414 1281 2473 quam
1321 2395 1486 2474 primum3

187 2524 214 2563 ru
228 2500 338 2561 intueri
363 2498 596 2560 deformitatem
621 2499 675 2573 rei,
700 2499 814 2560 deinde
831 2498 1012 2581 periculum.
1058 2520 1122 2561 non
1147 2509 1195 2560 est
1211 2498 1300 2560 ullius
1316 2501 1458 2563 adfectus

227 2605 321 2667 facies
343 2605 506 2667 turbatior.
552 2603 760 2683 pulcherrima
784 2626 840 2667 ora
862 2605 1019 2680 foedauit,
1044 2617 1154 2667 toruos
1178 2607 1283 2668 uoltus
1307 2628 1350 2669 ex
1375 2617 1456 2670 tran-

227 2712 414 2793 quillissimis
437 2711 551 2773 reddit.

682 2821 786 2894 linquit
806 2821 890 2877 decer
911 2823 1001 2878 artinis
1097 2891 1101 2898 Ι
1372 2893 1376 2899 ,

228 2926 342 2987 iratos:
384 2933 416 2984 et
447 2925 512 2985 siue
543 2925 675 2985 amictus
706 2922 761 2984 illis
793 2917 974 3004 conpositus
1006 2933 1054 2985 est
1095 2925 1134 2985 ad
1168 2925 1290 3006 legem,
1331 2927 1457 2988 trahent

186 3057 212 3096 is
227 3041 348 3092 uestem
381 3051 573 3111 omnemque
604 3050 710 3092 curam
742 3031 787 3091 sui
818 3030 996 3104 effundent;
1038 3031 1104 3091 siue
1135 3032 1317 3112 capillorum
1347 3042 1458 3095 natura

227 3139 277 3198 uel
301 3150 369 3199 arte
393 3137 558 3197 iacentium
583 3157 647 3197 non
680 3136 819 3197 informis
842 3137 976 3210 habitus,
1005 3157 1077 3197 cunr
1102 3139 1207 3199 animo
1231 3140 1456 3200 inhorrescunt.

227 3253 406 3305 tumescunt
431 3263 549 3303 uenae..
586 3244 781 3303 concutietur
811 3245 924 3304 crebro
956 3244 1063 3322 spiritu
1087 3253 1205 3324 pectus,
1235 3245 1347 3307 rabida
1371 3247 1457 3308 uocis

229 3454 245 3506 4
260 3463 328 3523 port
347 3454 423 3502 altera
443 3468 545 3505 rasura
563 3452 632 3505 satis
650 3469 749 3521 utuqrru
834 3422 905 3518 parii
922 3471 971 3503 non
1058 3455 1072 3505 b
1092 3456 1112 3503 si
1131 3457 1250 3518 utrimque
1269 3464 1335 3522 certa
1354 3457 1456 3506 uictoria

229 3544 379 3592 concurritur
397 3539 488 3595 Koch:
514 3543 557 3590 sed
576 3543 675 3606 utrimq;
703 3543 806 3590 certabit
833 3545 859 3607 (b
878 3541 989 3595 uidetur
1007 3561 1020 3590 u
1043 3542 1142 3609 sitisse)
1162 3545 1352 3594 iraconcurritur

230 3632 263 3685 ¹10
282 3634 381 3681 uulnere
471 3632 497 3682 lf
520 3633 585 3696 atqui
607 3631 645 3698 (iu
665 3632 734 3695 rus.)
822 3633 853 3683 r.)
874 3640 896 3680 et
916 3633 1000 3680 habile
1081 3632 1112 3682 tft
1133 3634 1236 3696 impetus
1317 3635 1394 3682 animi
1412 3635 1456 3682 hos

228 3739 314 3786 graues
334 3722 378 3786 (mi
397 3723 444 3770 hos
463 3720 489 3771 iu
509 3722 577 3781 rus.)
688 3722 764 3769 animi
783 3722 820 3769 his
839 3738 926 3785 graues
946 3722 1026 3784 magis
1046 3720 1131 3789 Neripi.
1237 3720 1269 3773 13
1289 3722 1417 3773 funerosos
1435 3733 1456 3770 et

228 3811 356 3863 intactum
377 3808 487 3877 reliqui,
514 3809 640 3877 quonium
660 3807 751 3861 codex
770 3807 848 3860 iubet
868 3811 1007 3870 funerosos,
1032 3809 1070 3860 itu
1091 3819 1118 3859 ut
1132 3810 1215 3877 prior
1233 3827 1249 3858 o
1267 3809 1356 3878 possit
1371 3808 1457 3877 sitisse

228 3917 249 3962 e,
269 3918 309 3948 sos
329 3905 414 3949 uuum
433 3906 563 3964 quantum
583 3895 706 3963 equidem
727 3894 863 3964 dispicere
877 3898 959 3965 potui
985 3897 1070 3966 ipsuis
1087 3897 1195 3965 primae
1214 3913 1310 3950 inuitus
1329 3897 1373 3953 sit.
1404 3899 1456 3951 uta

228 3987 364 4040 udieeu'uu
389 3985 477 4037 ‘miuus
496 3983 652 4049 offendent,
675 3985 701 4035 ri
724 4002 811 4048 graues·
835 3985 1050 4054 interpunctione
1077 3986 1165 4038 eutius
1191 4001 1250 4038 cum
1276 4002 1342 4038 uoce
1366 3989 1456 4051 inpetus

229 4077 415 4142 couiuupetur.
447 4075 550 4121 furiosos
571 4081 593 4120 et
613 4071 698 4140 Neup.
719 4074 817 4122 foenere
836 4079 858 4122 et
878 4072 1006 4142 lifuduiq,
1033 4077 1144 4128 funebres
1164 4082 1186 4124 et
1208 4074 1314 4139 Haase,
1340 4075 1403 4127 uiui
1418 4073 1458 4127 iif'

228 4165 366 4232 scripturn
381 4162 491 4231 priuure
509 4175 605 4211 iucutur
624 4159 734 4222 codicis,
754 4176 824 4228 queue
842 4161 920 4230 apriti
938 4161 1094 4214 Ficleeruuu
1115 4162 1260 4230 iudicetur,
1280 4165 1375 4213 suneres

180 4267 183 4274 ’
235 4254 262 4303 lh
282 4255 363 4317 tiectiq
388 4259 411 4300 et
431 4268 444 4299 a
464 4267 533 4299 cursu
559 4248 585 4316 (q
605 4254 627 4297 et
647 4265 662 4296 a
681 4247 708 4299 iu
728 4248 794 4315 rus.)
904 4252 937 4301 ‘ut
958 4253 1053 4299 defonn
1074 4254 1080 4299 i
1100 4259 1175 4300 tatem
1196 4254 1213 4316 (i
1233 4252 1259 4303 t'u
1281 4253 1350 4317 rus.)

228 4344 327 4390 affectus
347 4340 436 4408 {prior
455 4342 465 4387 f
483 4338 565 4403 eurr.)
664 4338 695 4388 ‘21
715 4337 809 4398 sedauit
906 4342 984 4387 unitus
1079 4340 1112 4391 '24'
1134 4341 1181 4388 iilis
1203 4338 1373 4393 Grououius:
1396 4343 1454 4389 illins

301 4431 451 4492 compositus
525 4427 558 4479 25
577 4428 629 4476 siue
651 4425 819 4478 Grouoru'ur:
841 4430 861 4476 si
