3046 5092
234 327 294 388 284
468 322 545 363 lunt..
556 324 607 366 Xll.
637 325 677 364 AD
693 324 844 366 POLYBIVM
861 327 899 366 DE
914 325 1155 368 CONSOLA'I'IONE.
1187 326 1218 368 ll.

220 490 385 546 uxorem,
418 468 513 533 filium
544 473 671 552 respice.
717 491 784 552 pro*
810 473 950 533 omnium
982 472 1095 534 horum
1127 470 1228 534 salute
1258 470 1318 534 hac
1348 479 1456 533 tecum

232 579 377 660 portione
417 578 541 639 fortuna
573 578 696 639 decidit.
743 577 860 639 multos
891 577 1007 654 habes,
1043 580 1073 639 iri
1105 579 1217 661 quibus
1248 578 1453 660 adquiescas:

234 686 306 764 [31]
340 686 380 746 ab
411 684 472 746 hac
503 695 535 746 te
562 685 687 746 inlamia
711 685 847 759 uindica,
879 706 919 746 ne
942 687 1084 747 uideatur
1107 686 1253 746 omnibus
1276 683 1347 766 plus
1370 686 1457 766 apud

232 801 264 853 te
295 790 398 853 ualere
430 784 513 853 uuus'
533 791 624 853 dolor
647 812 742 873 quam
766 792 845 853 haec
868 801 934 853 tam
960 770 1057 854 multa
1080 792 1203 854 solacia.
1250 792 1354 854 omnis
1376 792 1492 857 istos2

206 914 293 960 tuna
321 908 426 960 tecum
450 897 610 981 perculsos
634 898 721 960 uides
744 919 803 960 nec
825 920 921 981 posse
944 899 999 961 tibi
1023 899 1204 972 subuenire,
1236 900 1335 960 immo
1359 899 1456 960 etiam

233 1005 313 1067 ultro
346 1014 533 1087 expectare,
565 1014 598 1067 ut
628 1026 647 1067 a
671 1015 702 1067 te
726 1005 943 1079 subleuentur,
976 1004 1135 1087 intellegis.
1183 1016 1215 1068 et
1239 1007 1311 1067 ideo
1336 1013 1456 1087 quanto

233 1116 333 1174 minus
357 1113 387 1174 in
410 1112 467 1174 illis
491 1113 652 1174 doctrinae
677 1113 840 1192 minusque
863 1113 976 1194 ingenii
997 1122 1053 1187 est,
1077 1122 1167 1175 tanto
1184 1112 1284 1193 magis
1300 1111 1457 1174 obsistere

232 1227 264 1280 te
288 1239 416 1281 necesse
440 1229 488 1282 est
512 1220 670 1280 communi
697 1217 789 1301 malo.
830 1229 877 1281 est
901 1229 1007 1281 autem
1031 1219 1093 1282 hoc
1117 1221 1218 1301 ipsum
1242 1218 1349 1281 solacii
1373 1218 1457 1293 loco,-

231 1327 311 1387 inter
343 1325 458 1387 multos
490 1325 633 1387 dolorem
665 1347 755 1391 suum
786 1327 942 1388 diuidere:
977 1329 1033 1408 qui¹
1059 1329 1132 1407 quia
1155 1327 1353 1408 dispensatur
1377 1327 1457 1387 inter

194 1442 217 1483 1⁰
231 1432 344 1513 plures,
369 1435 485 1513 exigua
508 1433 605 1495 debet
629 1435 713 1512 apud
737 1442 769 1493 te
792 1442 881 1514 parte
897 1433 1061 1494 subsidere
1100 1453 1164 1494 non
1181 1435 1323 1495 desinam
1339 1434 1488 1496 totiens3

232 1539 288 1600 tibi
313 1539 424 1600 offerre
448 1539 625 1601 Caesarem.
657 1538 709 1600 illo
734 1540 920 1601 moderante
943 1548 1042 1600 terras
1066 1549 1098 1601 et
1121 1541 1312 1601 ostendente
1335 1547 1455 1621 quanto

233 1645 342 1729 melius
380 1645 538 1707 beneficiis
577 1647 741 1727 imperium
773 1647 967 1708 custodiatur
999 1666 1094 1726 quam
1126 1647 1236 1720 armis,
1275 1644 1328 1708 illo
1362 1647 1455 1708 rebus

232 1752 376 1814 humanis
399 1753 543 1833 praeside
567 1774 631 1814 non
655 1762 703 1814 est
726 1752 907 1834 periculum,
930 1773 969 1812 ne
993 1754 1068 1835 quid
1092 1752 1313 1833 perdidisse'te
1329 1756 1454 1815 sentias,

233 1860 263 1920 in
302 1859 364 1920 hoc
395 1880 457 1920 uno
488 1859 544 1920 tibi
574 1860 648 1921 satis
679 1859 839 1940 praesidii,
876 1862 952 1920 satis
983 1858 1087 1921 solacii
1118 1870 1183 1921 est:
1219 1858 1329 1921 attolle
1360 1869 1393 1922 te
1424 1870 1455 1922 et

197 1976 220 2016 ¹5
235 1967 380 2048 quotiens
404 1965 549 2028 lacrimae
573 1967 775 2029 suboriuntur
798 1966 895 2028 oculis
919 1967 987 2040 tuis,
1012 1968 1128 2028 totiens
1151 1965 1220 2026 illos
1236 1965 1453 2043 inCaesarem

235 2073 352 2153 dirige:
379 2071 577 2136 siccabuntur
601 2074 732 2158 maximi
756 2082 787 2135 et
811 2072 970 2134 clarissimi
994 2081 1166 2154 conspectu
1190 2055 1321 2134 luminis.
1344 2073 1455 2154 'fulgor

233 2179 296 2240 eius
328 2179 411 2253 illos,
444 2187 477 2240 ut
508 2179 581 2241 nihil
613 2179 695 2242 aliud
727 2180 847 2260 possint
871 2180 1048 2260 adspicere,
1079 2182 1288 2261 praestringet
1312 2189 1344 2241 et
1368 2180 1398 2240 in
1421 2199 1454 2240 se

233 2285 398 2346 haerentes
423 2286 583 2347 detinebit.
619 2285 668 2348 hic
691 2287 756 2361 tibi,
780 2306 875 2366 quem
899 2294 933 2346 tu
956 2285 1067 2347 diebus
1090 2287 1216 2349 intueris
1240 2307 1277 2348 ac
1299 2287 1490 2360 noctibust

233 2413 251 2453 a
275 2413 338 2473 quo
370 2413 541 2474 numquam
574 2393 668 2454 deicis
692 2396 847 2468 animum,
879 2393 1066 2473 cogitandus
1090 2402 1153 2468 est,
1184 2393 1234 2455 hic
1258 2401 1369 2454 contra
1392 2391 1468 2454 for-¹

192 2509 218 2548 '20
232 2508 340 2561 tunam
373 2501 586 2561 aduocandus.
634 2521 692 2561 nec
724 2500 850 2574 dubit0,
882 2519 953 2560 cum
984 2508 1073 2561 tanta
1103 2499 1145 2561 illi
1167 2501 1319 2562 aduersus
1343 2519 1454 2560 omnes

231 2626 305 2667 suos
336 2607 375 2669 sit
407 2609 617 2669 mansuetudo
646 2615 798 2687 tantaque
821 2605 1029 2688 indulgentia,
1061 2607 1135 2688 quin
1158 2608 1219 2668 iam
1244 2606 1349 2667 multis
1373 2605 1451 2668 sola-

232 2714 284 2774 ciis
315 2722 404 2775 tuum
436 2714 517 2776 istud
549 2714 661 2776 uolnus
694 2714 880 2788 obduxerit,
914 2713 1027 2788 multa,
1060 2734 1141 2796 quae
1165 2713 1266 2774 dolori
1288 2713 1455 2775 obstarent

232 2830 296 2894 tu0‚
317 2822 522 2912 congesserit.
569 2823 644 2901 quid
668 2825 785 2902 porro?
822 2829 855 2881 ut
879 2819 952 2881 nibil
975 2819 1088 2881 horum
1113 2820 1229 2893 fecerit,
1253 2840 1359 2881 nonne
1383 2841 1453 2901 pro-

232 2928 313 2987 tinus
349 2927 416 3009 ipse
451 2938 640 3009 conspectus
675 2948 732 3009 per
767 2948 799 2988 se
833 2928 1057 2989 tantummodo
1089 2927 1307 3007 cogitatusque
1338 2925 1455 2990 Caesar

192 3051 217 3091 rs
232 3034 374 3095 maximo
397 3034 513 3096 solacio
538 3035 593 3096 tibi
617 3038 685 3097 est?
718 3036 748 3095 di
771 3034 857 3096 illum
882 3035 1024 3115 deaeque
1048 3035 1137 3095 terris
1161 3035 1213 3095 diu
1237 3037 1454 3097 commodent.
1472 3040 1522 3092 ΕΞ

231 3149 303 3201 acta
326 3139 375 3201 hic
398 3142 460 3202 diui
476 3140 614 3222 Augusti
637 3150 760 3221 aequet,
785 3161 884 3202 annos
905 3142 1015 3202 uincat.
1054 3142 1203 3222 quamdiu
1219 3142 1299 3202 iuter
1314 3141 1456 3203 mortalis

231 3249 305 3319 erit,
337 3245 409 3308 nihil
440 3269 481 3309 ex
507 3249 605 3310 domo
629 3269 685 3309 sua
708 3247 844 3309 mortale
867 3268 935 3309 esse
958 3248 1080 3325 sentiat.
1125 3258 1283 3310 rectorem
1306 3248 1455 3309 Romano

231 3352 363 3433 imperio
387 3353 483 3415 filium
507 3354 602 3434 longa
625 3354 689 3421 fide
712 3354 870 3435 adprobet
894 3363 925 3416 et
948 3364 1022 3417 ante
1046 3353 1131 3416 illum
1155 3362 1337 3418 consortem
1359 3355 1455 3436 patris

234 3533 446 3552 ——7—-

238 3637 246 3687 l
266 3639 383 3685 omnium
402 3637 489 3685 horum
510 3635 536 3690 B
555 3635 641 3706 Neap.
661 3639 747 3686 horum
767 3639 876 3686 omnium
895 3634 945 3689 ΒΕ
1040 3630 1088 3686 bac
1108 3643 1131 3685 le
1149 3630 1222 3689 ctiB
1241 3654 1270 3685 ac
1290 3637 1408 3691 rerumD
1427 3653 1456 3686 ac

232 3731 311 3774 tecum
325 3723 352 3776 Ε
440 3725 624 3790 bpericulosos
642 3725 668 3779 Β
758 3725 889 3778 &omittit
906 3734 929 3775 te
942 3731 1008 3795 post
1026 3727 1144 3776 obsistere
1163 3721 1200 3779 Β
1279 3725 1312 3777 ’12
1331 3743 1358 3776 re
1377 3725 1454 3793 (ras.)

231 3815 290 3863 hum
310 3813 387 3880 (ras.)
407 3813 540 3879 presideD
559 3817 630 3865 rebus
648 3817 762 3865 humanis
780 3817 886 3880 presidie
898 3812 926 3866 Ε
1016 3813 1046 3867 13
1064 3831 1111 3864 nec
1130 3823 1165 3864 est
1182 3813 1205 3866 B
1295 3813 1328 3866 14
1347 3832 1396 3864 uno
1415 3816 1454 3865 ubi

232 3904 277 3952 tibi
290 3900 342 3955 ΒΕ
400 3914 412 3940 ⁹
424 3904 548 3967 praesidii,
563 3906 620 3954 satis
632 3905 720 3953 solacii
735 3903 819 3974 Neup.
834 3905 925 3969 presidi
938 3904 1019 3952 solatii
1033 3900 1113 3956 ΒΒΕ
1195 3901 1228 3954 16
1242 3903 1348 3967 dirigere
1361 3901 1387 3955 Β

222 4001 254 4062 et
273 3993 401 4042 clarissimi
420 3992 515 4044 omuut
533 3989 561 4043 Ε
616 4005 624 4045 p
660 3994 758 4042 luminis
777 3992 887 4062 Lipsius
904 3993 1010 4041 numinis
1033 3988 1110 4043 ΒΒΕ
1209 3989 1242 4043 17
1267 3989 1454 4056 perstringetll

323 4081 354 4134 18
374 4081 485 4130 indiebus
499 4079 525 4132 B
614 4081 646 4133 2⁹1
667 4084 724 4147 quin
740 4079 791 4133 ΒΕ
807 4083 848 4147 qui
865 4080 888 4133 B
908 4102 912 4109 ·
978 4079 1011 4132 22
1031 4081 1107 4129 multa
1125 4097 1187 4144 quae
1200 4077 1294 4133 Haase
1312 4098 1361 4130 non
1382 4081 1453 4129 multa

158 4198 165 4211 ·
231 4187 294 4234 quae
312 4167 367 4223 ΒΕ
383 4186 432 4219 non
451 4169 526 4218 multa
544 4171 601 4233 quia
620 4166 648 4221 Ε
665 4171 779 4218 nonnulla
798 4187 860 4234 quae
879 4169 961 4237 uulgo
1099 4167 1133 4220 25
1162 4170 1322 4218 commodent
1341 4167 1384 4221 Et
1402 4179 1453 4218 acta

232 4261 272 4308 hic
292 4260 342 4308 diui
361 4260 463 4322 Augusti
483 4265 577 4323 aequet,
597 4275 674 4308 annos
694 4260 774 4308 uincat
790 4258 888 4326 Faber,
911 4257 1065 4312 Gronovius
1084 4259 1255 4307 commendent
1284 4264 1340 4307 acta
1353 4259 1394 4307 hic
1407 4258 1453 4306 diui

233 4349 389 4422 angustieque
413 4355 463 4396 tam
488 4363 533 4397 nos
556 4348 637 4397 uincat
657 4346 683 4400 B
701 4351 874 4398 commendent
899 4355 922 4397 et
948 4348 1038 4396 sacient
1062 4353 1087 4395 ut
1106 4344 1131 4399 Β
1150 4348 1323 4397 commendent
1343 4355 1365 4396 et
1384 4348 1452 4395 saciat

233 4443 257 4483 ut
278 4433 304 4486 Ε
391 4434 423 4488 27
443 4437 551 4485 humano
571 4437 675 4500 imperio
695 4435 749 4492 ΒΕ
837 4436 870 4489 28
890 4439 980 4502 longua
1001 4436 1049 4484 side
1068 4434 1094 4488 B
