3060 5078
202 309 266 372 278
422 304 509 358 DIAL.
520 303 571 346 XII.
597 305 638 344 AD
652 303 805 345 POLYBIVM
821 304 861 344 DE
877 301 1117 345 CONSOLATIONE.
1147 305 1167 345 7.
1182 306 1202 345 8.
1294 329 1297 347 l

185 450 243 545 'illi
273 452 345 513 licet
375 470 434 511 nec
464 451 635 512 subsistere
659 451 907 530 necquicquam
931 469 1021 510 suum
1046 448 1156 512 facere.
1203 450 1245 510 ad
1268 450 1466 529 quendam3

202 559 308 638 itaque
332 559 464 619 modum
488 556 544 618 tibi
568 577 695 637 quoque
718 558 832 618 eadem
855 554 1025 619 necessitas
1049 557 1234 637 iniungitur:
1268 555 1431 617 nonlicet

203 665 259 726 tibi
292 665 333 726 ad
365 664 514 726 utilitates
545 672 631 738 tuas,
663 665 705 724 ad
736 664 839 726 studia
869 672 924 725 tua
947 663 1108 745 respicere.
1156 662 1293 725 Caesare
1315 662 1430 724 orbem

204 780 357 833 terrarum
389 770 571 851 possidente
602 770 740 850 inpartiri
771 778 804 831 te
827 790 885 831 nec
909 768 1064 850 uoluptati
1088 789 1147 830 nec
1171 767 1272 830 dolori
1296 788 1356 829 nec
1379 767 1432 829 ulli

178 877 254 939 salii
286 878 329 938 rei
352 886 466 958 potes:
502 884 606 937 totum
630 884 663 937 te
687 875 812 938 Caesari
837 874 944 949 debes.
991 876 1081 955 adice
1111 895 1193 936 nunc
1221 875 1324 954 quod,
1346 893 1465 945 cumr

204 1005 331 1064 semper
355 983 516 1063 praedices
540 983 694 1072 cariorem
717 983 773 1045 tibi
796 984 905 1064 spiritu
929 993 985 1044 tuo
1010 981 1178 1043 Caesarem
1202 1001 1280 1056 esse,
1304 981 1351 1042 sas
1374 981 1439 1043 tibi¹

205 1111 269 1153 non
302 1098 349 1151 est
379 1089 467 1151 saluo
493 1089 627 1152 Caesare
660 1091 700 1152 de
733 1089 856 1150 fortuna
879 1090 984 1169 queri:
1019 1087 1081 1150 hoc
1104 1087 1251 1150 incolumi
1275 1087 1352 1150 salui
1375 1089 1432 1149 tibi

205 1206 278 1259 sunt
300 1197 360 1271 tui,
384 1196 458 1258 nihil
480 1190 652 1279 perdidisti,
675 1217 739 1257 non
763 1206 886 1258 tantum
911 1197 1011 1258 siccos
1035 1195 1144 1257 oculos
1168 1205 1240 1256 tuos
1264 1214 1349 1269 esse,
1374 1196 1432 1256 sed

207 1305 301 1366 etiam
333 1302 433 1365 laetos
465 1312 601 1385 oportet.
647 1305 676 1363 in
708 1302 770 1364 hoc
800 1303 855 1364 tibi
879 1304 985 1365 omnia
1008 1311 1096 1377 sunt,
1127 1302 1178 1363 hic
1200 1322 1259 1383 pro
1284 1300 1432 1363 omnibus

168 1433 192 1472 ιο
208 1421 264 1473 est.
310 1412 398 1490 quod
421 1409 516 1490 longe
540 1429 557 1470 a
581 1409 722 1470 sensibus
746 1410 807 1471 tuis
830 1409 1078 1490 prudentissimis
1101 1409 1309 1489 piissimisque
1333 1407 1432 1482 abest,

208 1519 360 1579 aduersus
384 1515 564 1578 felicitatem
589 1526 676 1578 tuam
701 1537 812 1596 parum
836 1526 946 1597 gratus
969 1537 1019 1592 es,
1051 1517 1076 1578 si
1099 1517 1154 1578 tibi
1179 1510 1347 1596 quicquam
1370 1513 1433 1576 hoc

116 1655 120 1661 ·
207 1623 297 1687 saluo
322 1623 397 1685 flere
420 1623 583 1704 permittis.
1253 1630 1258 1638 '

296 1730 380 1793 VIII.
418 1730 606 1792 Monstrabo
637 1731 815 1791 etiamnunc
846 1750 909 1790 non
940 1731 1068 1810 quidem
1101 1728 1217 1791 firmius
1248 1730 1466 1805 remedium‚l

208 1838 266 1899 sed
296 1837 482 1899 familiarius.
536 1837 561 1898 si
593 1836 722 1915 quando
754 1845 786 1898 te
817 1836 950 1899 domum
982 1838 1152 1918 receperis,
1183 1845 1258 1897 tunc
1289 1837 1347 1897 erit
1377 1835 1434 1898 tibi

173 1966 195 2005 15
210 1945 382 2005 metuenda
404 1944 535 2005 tristitia.
582 1963 656 2004 nam
680 1943 830 2023 quamdiu
854 1963 970 2004 numen
993 1952 1083 2004 tuum
1107 1943 1291 2018 intueberiS,
1315 1942 1434 2005 nullum

119 2097 122 2104 .
209 2050 260 2113 illa
284 2053 325 2112 ad
349 2059 381 2111 te
404 2051 540 2113 inueniet
564 2069 734 2125 accessum,
759 2051 865 2112 omnia
887 2051 919 2110 in
942 2060 975 2112 te
992 2050 1109 2113 Caesar
1132 2049 1260 2112 tenebit.
1298 2069 1370 2110 cum
1394 2048 1436 2110 ab

210 2157 261 2218 illo
285 2157 472 2230 discesseris
496 2166 571 2218 tunc
594 2157 680 2218 uelut
704 2156 870 2218 occasione
886 2157 961 2219 data
976 2156 1171 2219 insidiabitur
1186 2155 1346 2222 solitudini
1361 2164 1436 2216 tuae

211 2247 303 2326 dolor
326 2272 358 2325 et
381 2263 586 2351 requiescenti
610 2263 715 2324 animo
738 2273 794 2324 tuo
819 2262 969 2345 paulatim
995 2267 1123 2344 inrepet.
1169 2263 1275 2342 itaque
1297 2275 1362 2323 non
1387 2269 1436 2324 est
1455 2278 1470 2330 2

211 2372 297 2451 quod
331 2370 426 2432 ullum
458 2379 584 2450 tempus
616 2390 727 2432 uacare
759 2370 887 2451 patiaris
919 2390 937 2431 a
968 2370 1096 2431 studiis:
1130 2378 1204 2430 tunc
1234 2368 1290 2431 tibi
1314 2368 1437 2434 litterae

170 2497 196 2538 ru
210 2488 284 2541 tuae
314 2487 381 2540 tam
413 2477 466 2539 diu
497 2497 534 2538 ac
565 2486 630 2538 tam
654 2475 787 2538 fideliter
810 2486 936 2539 amatae
960 2477 1093 2557 gratiam
1117 2474 1261 2538 referant.
1305 2483 1382 2545 tunc
1405 2482 1437 2536 te

211 2584 280 2647 illae
312 2584 483 2645 antistitem
515 2592 547 2645 et
579 2581 732 2667 cultorem
764 2603 853 2644 suum
887 2583 1053 2644 uindicent.
1106 2592 1182 2643 tunc
1212 2582 1374 2643 Homerus
1406 2589 1438 2642 et

211 2690 369 2770 Vergilius
400 2700 466 2752 tam
498 2691 580 2752 bene
611 2690 652 2751 de
682 2689 821 2752 humano
855 2710 971 2770 genere
1003 2689 1119 2763 meriti,
1151 2668 1245 2768 quam
1277 2697 1311 2750 tu
1340 2696 1372 2749 et
1398 2688 1438 2749 de

211 2797 358 2857 omnibus
382 2806 414 2859 et
438 2798 482 2866 de,
502 2796 559 2859 illis
582 2798 729 2872 meruisti,
753 2816 835 2876 quos
851 2796 989 2877 pluribus
1005 2805 1100 2857 notos
1115 2815 1185 2856 esse
1201 2793 1326 2856 uoluisti
1341 2814 1438 2874 quam

212 2906 408 2984 scripserant,
433 2903 568 2965 multum
593 2911 698 2964 tecum
723 2912 894 2966 morentur.
939 2911 1042 2965 tutum
1063 2903 1093 2963 id
1117 2903 1175 2964 erit
1191 2921 1287 2963 omne
1302 2907 1437 2982 tempus,

172 3027 198 3066 rs
212 3011 299 3090 quod
331 3010 387 3071 illis
416 3011 568 3070 tuendum
599 2991 800 3083 commiseris.
846 3018 922 3070 tunc
946 3008 1088 3070 Caesaris
1111 3008 1156 3070 tui
1179 3027 1292 3088 opera,
1324 3015 1359 3068 ut
1382 3026 1438 3088 per

214 3117 321 3177 omnia
359 3115 484 3176 saecula
522 3117 700 3178 domestico
732 3126 895 3177 narrentur
926 3116 1112 3197 praeconi0,
1150 3124 1304 3195 quantum
1335 3122 1438 3195 potes,

202 3242 367 3303 conpone.
414 3243 487 3283 nam
518 3223 585 3304 ipse
608 3221 665 3285 tibi
688 3223 809 3303 optime
832 3222 988 3284 formandi
1013 3223 1234 3301 condendique
1257 3240 1307 3282 res
1331 3229 1438 3301 gestas

206 3319 246 3390 ¹et
277 3329 441 3390 materiam
474 3329 561 3390 dabit
592 3337 623 3390 et
655 3329 849 3411 exemplum.
897 3331 966 3409 [27.]
1000 3349 1064 3390 non
1093 3329 1197 3390 audeo
1220 3336 1254 3390 te
1277 3347 1376 3408 usque
1399 3343 1473 3396 e03

217 3612 229 3662 1
255 3609 347 3663 illisD
443 3628 487 3661 nec
506 3612 634 3661 subsistere
653 3609 740 3680 Neap.
762 3612 906 3664 7subsistere
924 3609 951 3663 B
969 3611 1098 3660 subsistere
1117 3607 1170 3662 ΕΕ
1263 3625 1333 3658 suum
1351 3607 1439 3678 Neap.

215 3717 258 3750 sua
279 3698 304 3752 B
322 3701 358 3749 sui
378 3696 402 3751 D
420 3717 463 3749 suo
482 3697 510 3752 Ε
597 3699 728 3752 3astudia
747 3702 790 3760 Β4
863 3699 878 3751 5
899 3701 974 3750 debes
992 3697 1034 3752 Er
1053 3700 1145 3749 debeas
1165 3696 1245 3752 ΒΕΕ
1333 3695 1439 3762 bprae·

216 3791 282 3839 dices
302 3791 409 3838 cariores
428 3791 474 3839 siut
493 3791 530 3838 sas
549 3788 576 3841 Ε
663 3789 751 3842 7esse
769 3787 798 3842 Ε
885 3788 901 3842 8
926 3796 979 3840 sunt
998 3791 1059 3839 nihil
1077 3786 1106 3842 Ε
1138 3816 1143 3832 .›
1194 3787 1227 3840 10
1251 3788 1309 3852 quia
1327 3785 1441 3852 longeD

307 3877 338 3930 12
363 3879 480 3942 permittit
499 3875 527 3930 Ε
633 3877 665 3930 13
691 3880 783 3928 firmius
805 3878 829 3932 B
848 3880 945 3945 firmum
964 3877 1015 3932 DE
1121 3877 1154 3946 15
1180 3876 1306 3926 nurfituum
1325 3873 1352 3927 B

215 3967 345 4016 intueberis
363 3965 460 4018 ornilit'l
479 3965 506 4020 Ε
600 3965 632 4020 16
658 3968 700 4016 illa
719 3969 777 4017 adte
795 3969 917 4017 inuenient
938 3966 963 4019 B
982 3975 1004 4016 te
1023 3963 1189 4018 inuenientl)
1287 3964 1322 4016 17
1347 3965 1440 4015 sollitu-

215 4055 268 4104 dini
286 4052 311 4107 D
329 4056 479 4119 solieitudini
498 4052 526 4106 Ε
613 4052 648 4107 18
670 4057 763 4121 intepet
780 4053 863 4125 uulqo
882 4057 969 4120 inrepit
991 4054 1040 4108 BD
1059 4057 1156 4120 imrepit
1175 4052 1203 4106 Ε
1289 4051 1323 4105 19
1347 4054 1440 4127 nullum

216 4149 310 4208 tempus
323 4141 376 4195 ΕΕ
450 4160 539 4193 uacare
551 4142 646 4196 omittit
659 4141 687 4195 Ε
760 4143 794 4196 20
807 4143 921 4196 actamB
999 4141 1134 4195 fidenterE
1210 4142 1243 4195 21
1257 4140 1442 4194 etcultoremB

216 4232 239 4281 ei
257 4233 374 4283 cultorem
391 4230 416 4285 D
506 4231 539 4284 22
559 4250 633 4297 quam
651 4243 675 4282 tu
693 4240 717 4282 et
736 4234 767 4282 de
785 4234 899 4282 omnibus
917 4231 942 4285 Ι)
960 4249 1033 4297 quam
1053 4244 1076 4283 et
1094 4235 1125 4282 de
1144 4215 1258 4282 omnibus
1278 4229 1305 4283 B
1322 4239 1441 4296 quantum

215 4325 239 4369 et
257 4320 289 4368 de
307 4322 421 4370 omnibus
441 4319 468 4372 Ε
498 4355 500 4359 -
561 4320 595 4372 24
620 4323 664 4370 erit
685 4319 736 4373 DE
754 4320 840 4390 Neap.
862 4318 943 4374 Gertz
963 4324 1010 4372 exit
1029 4320 1055 4374 B
1150 4319 1184 4374 28
1209 4336 1283 4385 usque
1302 4337 1332 4369 eo
1353 4318 1440 4390 Neup.

215 4424 289 4472 usque
309 4405 388 4461 ΒΕΕ
760 4406 762 4410 ⁴
