3046 5092
153 335 218 396 240
376 331 454 374 DlAL.
466 330 494 372 Χ.
522 331 564 371 ΑΙ)
580 330 735 371 PAVLINVM
751 331 791 370 DE
806 297 976 371 BREVIl'ATE
989 329 1087 372 VITAE.
1119 331 1150 372 16.

242 475 329 538 XVI.
363 475 491 538 Illorum
515 477 701 538 breuissima
724 496 762 537 ac
785 475 1004 537 sollicitissima
1026 484 1113 536 aetas
1137 484 1194 548 est,
1219 476 1272 556 qui
1289 490 1414 558 prae-1

153 584 317 644 teritorum
351 582 592 658 obliuiscuntur,
623 585 801 665 praesentia
831 582 1019 663 neglegunt,
1051 583 1091 644 de
1114 581 1220 644 iuturo
1243 585 1377 644 timent:

146 710 225 751 -cum
250 691 291 751 ad
315 699 460 752 extrema
484 699 644 764 uenerunt,
668 711 739 752 sero
759 689 945 770 intellegunt
960 690 1071 764 miseri,
1095 689 1217 750 tamdiu
1233 709 1277 763 se,
1301 690 1379 750 dum

154 795 227 856 nihil
251 805 358 875 agunt,
382 805 555 876 occupatos
579 795 679 858 fuisse.
725 816 784 858 nec
807 805 870 870 est,
894 796 982 876 quod
1005 794 1067 857 hoc
1090 804 1281 874 argumento
1306 808 1414 876 pro-2

128 902 221 964 5bari
251 911 343 983 putes
373 902 503 983 longam
532 902 600 964 illos
632 922 727 982 agere
749 904 863 979 uitam,
893 905 966 984 quia
988 903 1146 964 interdum
1171 910 1311 964 mortem
1335 903 1379 963 in-

154 1018 288 1070 uocant:
314 1017 411 1071 uexat
434 1008 502 1071 illos
526 1009 725 1090 inprudentia
747 1009 870 1071 incertis
894 1008 1069 1070 adfectibus
1093 1017 1125 1070 et
1148 1009 1380 1071 incurrentibus

153 1106 184 1178 in
208 1117 291 1197 ipsa,
322 1136 403 1196 quae
428 1125 579 1178 metuunt.
627 1126 763 1178 mortem
787 1136 882 1197 saepe
905 1115 976 1178 ideo
1002 1125 1129 1197 optant,
1143 1168 1146 1173 .
1161 1118 1234 1196 quia
1256 1100 1378 1178 timent.

154 1222 229 1284 illud
260 1243 387 1304 quoque
418 1231 639 1303 argumentum
670 1244 735 1284 non
765 1231 829 1296 est,
862 1217 948 1303 quod
973 1232 1079 1303 puteS,
1111 1224 1164 1284 diu
1195 1222 1377 1299 uiuentium,
1397 1235 1424 1289 Ξ

154 1331 244 1411 quod
267 1350 361 1411 saepe
385 1329 442 1390 illis
464 1329 578 1410 longus
601 1332 725 1392 uidetur
747 1330 822 1404 dies,
844 1330 941 1410 quod,
966 1331 1041 1390 dum
1067 1330 1171 1391 ueniat
1195 1332 1378 1394 condictum

118 1453 141 1492 10
156 1445 282 1518 tempus
313 1457 425 1511 cenae,
456 1438 547 1498 tarde
577 1440 622 1498 ire
653 1435 747 1498 horas
770 1435 960 1517 queruntur:
995 1455 1068 1497 nam
1098 1438 1125 1498 'si
1151 1439 1286 1518 'quando
1310 1437 1378 1500 illos

156 1544 360 1604 deseruerunt
392 1544 632 1625 occupationes,
664 1543 694 1603 in
726 1543 793 1604 otio
817 1543 914 1604 relicti
937 1552 1097 1618 aestuant,
1129 1564 1188 1605 nec
1211 1547 1378 1626 quomodo

155 1651 186 1711 id
208 1651 376 1730 disponant
393 1660 447 1711 aut
463 1649 641 1725 extrahant,
665 1650 773 1712 sciunt.
804 1651 909 1731 itaque
925 1652 966 1711 ad
982 1651 1223 1731 occupationem
1240 1651 1376 1733 aliquam

155 1758 289 1843 tendunt
313 1767 345 1818 et
368 1758 456 1837 quod
479 1757 641 1818 interiacet
665 1776 761 1817 omne
784 1763 910 1836 tempus
934 1776 1030 1835 graue
1053 1766 1116 1832 est,
1140 1766 1206 1819 tam
1231 1779 1285 1820 me
1308 1757 1375 1820 her-

156 1861 257 1937 culeo,
288 1883 383 1943 quam
416 1882 487 1923 cum
519 1849 586 1924 dies
618 1863 753 1924 muneris
784 1860 961 1942 gladiatorii
990 1865 1110 1925 edictus
1133 1873 1197 1939 est,
1228 1875 1284 1928 aut
1307 1886 1376 1927 cum

118 1987 140 2025 15
155 1967 282 2031 alicuius
306 1969 431 2031 alterius
455 1969 502 2031 uel
524 1968 693 2050 spectaculi
709 1968 759 2030 uel
775 1968 944 2049 uoluptatis
960 1979 1148 2053 expectatur
1163 1973 1376 2048 constitutum,

154 2076 306 2138 transilire
330 2078 452 2138 medios
477 2077 542 2137 dies
565 2074 682 2137 uolunt.
716 2077 819 2136 omnis
842 2074 899 2137 illis
922 2086 1066 2157 speratae
1089 2079 1134 2139 rei
1155 2077 1254 2159 longa
1270 2079 1402 2158 dilatiol

155 2193 210 2244 est.
251 2192 284 2243 at
306 2181 381 2244 illud
404 2192 539 2262 tempus
563 2182 649 2263 quod
673 2190 789 2256 amant,
813 2183 910 2244 breue
934 2192 982 2245 est
1006 2193 1037 2245 et
1060 2205 1213 2265 praeceps
1236 2185 1374 2249 breuius-

154 2310 216 2370 que
245 2289 345 2350 multo
368 2309 426 2351 suo
450 2297 536 2350 uoto.
582 2268 707 2350 aliunde
730 2289 813 2350 enim
836 2289 897 2374 alio
920 2290 1127 2371 transfugiunt
1151 2300 1183 2352 et
1206 2296 1376 2356 consistere

155 2398 186 2457 in
209 2416 271 2457 una
294 2397 465 2479 cupiditate
488 2416 551 2457 non
574 2405 715 2476 possunt.
754 2417 817 2457 non
841 2405 914 2457 sunt
936 2396 992 2458 illis
1008 2396 1093 2477 longi
1110 2398 1184 2473 dieS,
1208 2401 1266 2461 sed
1283 2401 1376 2463 inuisi.

114 2518 140 2558 20
155 2512 188 2564 at
211 2511 321 2565 contra
344 2523 439 2583 quam
465 2504 601 2583 exiguae
624 2511 734 2564 noctes
757 2504 918 2578 uidentur,
950 2525 1028 2584 quas
1055 2506 1085 2565 in
1109 2503 1269 2586 conplexu
1292 2525 1375 2570 scor-

154 2619 259 2672 torum
291 2620 345 2673 aut
375 2611 448 2672 uino
480 2611 632 2689 exigunt?
671 2610 744 2670 inde
768 2612 862 2671 etiam
887 2619 1053 2690 poetarum
1077 2611 1162 2674 furor
1185 2611 1298 2676 fabulis
1321 2614 1405 2675 hu-{r

72 2754 88 2780 ι
154 2736 266 2778 manos
298 2737 419 2778 errores
442 2716 607 2792 alentium,
638 2718 751 2797 quibus
775 2719 859 2778 uisus
882 2727 930 2779 est
953 2719 1092 2799 luppiter
1115 2718 1280 2800 uoluptate
1303 2742 1375 2783 con-

155 2824 276 2886 cubitus
309 2823 462 2886 delenitus
494 2823 668 2905 duplicasse
698 2833 844 2885 noctem:
864 2825 955 2904 ·quid
986 2824 1069 2887 aliud
1100 2834 1149 2887 est
1172 2826 1248 2888 uitia
1270 2837 1377 2889 nostra

154 2930 321 2992 incendere
359 2951 454 3012 quam
493 2939 638 2992 auctores
676 2922 733 2991 illis
771 2930 937 2992 inscribere
975 2932 1054 2994 deos
1092 2941 1124 2994 et
1155 2933 1231 2994 dare
1263 2935 1376 2996 morbo

114 3071 140 3109 n
155 3036 306 3117 exemplo
339 3039 506 3100 diuinitatis
537 3045 722 3099 excusatam
753 3036 929 3098 licentiam?
963 3049 1095 3120 possunt
1126 3039 1190 3101 istis
1219 3061 1284 3102 non
1308 3042 1376 3104 bre-

154 3145 299 3205 uissimae
330 3146 427 3206 uideri
459 3153 585 3219 noctes,
618 3165 696 3225 quas
727 3153 794 3206 tam
826 3164 898 3205 care
926 3148 1125 3207 mercantur?
1143 3147 1244 3208 'diem
1278 3151 1377 3211 noctis

99 3284 107 3300 ·
154 3252 376 3331 expectatione
400 3253 547 3333 perdunt,
572 3261 700 3314 noctem
724 3251 800 3313 lucis
824 3261 920 3314 metu.

153 3463 366 3470 *-

156 3674 169 3725 1
196 3626 332 3739 preterlorr‘t
422 3648 456 3725 Ι3
482 3676 647 3739 intellegunt*
755 3675 770 3728 6
797 3676 923 3725 affectibus
943 3673 1036 3745 (prior
1055 3679 1064 3725 1
1082 3680 1171 3743 corr.)
1276 3679 1292 3732 7
1316 3698 1375 3746 quae

154 3823 261 3866 metuunt
287 3815 366 3873 dett:
387 3824 550 3882 quametuunt.
667 3815 700 3876 ,8
724 3824 814 3883 putes*
953 3820 968 3871 9
994 3777 1075 3869 uenillt
1090 3763 1235 3870 abllndictum

62 3936 64 3940 ·
155 3905 273 3970 1009119
391 3908 460 3955 tarde
479 3905 517 3974 (in
536 3906 603 3975 rat.)
706 3924 763 3956 oras
781 3914 912 3972 queruntur
1019 3908 1051 3960 11
1079 3913 1172 3958 estuant
1282 3912 1314 3964 12
1339 3920 1375 3960 aut

155 4029 318 4084 deteriores:
339 4039 364 4079 ut
384 4033 457 4098 (ante
475 4048 489 4080 u
508 4029 616 4096 lacuna)
723 4032 756 4083 13
781 3994 844 4097 quod
864 4018 901 4081 int
918 4033 982 4082 iacet
1078 4032 1111 4085 15
1130 4038 1284 4098 exspectatur

155 4121 187 4174 16
213 4129 266 4170 tran
285 4122 350 4171 silire
369 4120 405 4189 (re
421 4119 450 4172 viu
470 4125 536 4184 ras.)
658 4123 691 4170 rei
716 4126 790 4182 (ante
809 4122 843 4169 rei
857 4136 942 4190 paru.
961 4124 1028 4185 ras.)
1161 4122 1192 4174 17
1220 4129 1245 4172 at
1265 4124 1373 4189 ..quod

152 4209 237 4259 'amant
263 4207 402 4262 Muretus:
430 4212 487 4262 ad.
508 4252 513 4263 .
532 4211 599 4275 quod
624 4213 716 4259 amanti
866 4210 899 4262 18
924 4216 982 4261 uoto
1008 4209 1099 4264 Koch:
1126 4213 1186 4260 uitio
1213 4211 1274 4269 cod.
1301 4210 1373 4279 Cous.

91 4357 93 4362 ,
154 4297 192 4351 ad
216 4296 275 4354 Pol.
303 4304 349 4362 10,
382 4303 396 4350 (l
423 4317 491 4349 usum
517 4301 669 4364 fructumque
696 4300 761 4361 eius,
792 4301 902 4363 quamuis
927 4302 1026 4349 breuior
1049 4306 1108 4350 uoto
1133 4306 1175 4349 tuo
1200 4302 1286 4369 fuerit,
1317 4303 1372 4350 boni

154 4443 253 4490 consule
347 4441 378 4493 19
399 4443 446 4490 illis
459 4439 597 4494 Muretus:
619 4443 654 4491 illi
744 4442 779 4494 20
798 4394 917 4507 arlcontra
1007 4442 1040 4498 23
1066 4442 1132 4492 aliud
1151 4443 1178 4506 (d
1197 4442 1282 4511 corr.)
