3046 5092
222 312 287 372 252
400 307 479 350 DlAL.
494 307 534 351 xl.
562 309 605 348 AD
620 309 755 350 HELVIAM
773 310 901 350 MATREM
918 311 956 350 DE
971 308 1214 350 CONSOLATlONE.
1245 309 1267 351 7.

311 451 381 515 Vll.
413 452 447 514 A
470 453 655 517 caelestibus
677 457 815 536 agedum
840 463 871 516 te
895 457 936 518 ad
959 454 1099 516 humana
1125 440 1294 515 conuerte:
1329 449 1452 512 uidebis
1476 482 1519 526 ;

45 594 59 638 ι,
221 567 333 639 gentes
363 559 562 642 populosque
593 561 754 624 uniuersos
778 571 917 624 mutasse
939 563 1058 624 sedern.
1104 561 1179 642 quid
1203 560 1261 621 sibi
1285 557 1397 620 uolunt
1421 556 1451 617 in

222 665 332 728 mediis
363 665 572 730 barbarorum
604 669 783 749 regionibus
815 668 957 732 Graecae
988 668 1102 730 urbes?
1134 667 1210 748 quid
1240 669 1322 728 inter
1354 664 1452 727 Indos

221 758 395 852 Persasque
418 773 642 837 Macedonicus
672 778 799 837 sermo?
832 774 963 855 Scythia
994 784 1026 836 et
1057 782 1143 837 totus
1174 771 1224 834 ille
1246 771 1384 834 ferarum
1408 771 1451 861 in3

182 897 194 934 a
223 878 477 967 domitarumque
500 881 642 961 gentium
665 890 784 944 tractus
808 882 949 943 ciuitates
973 879 1116 942 Achaiae
1139 879 1276 941 Ponticis
1299 876 1453 958 inpositas

221 983 362 1047 litoribus
392 995 540 1051 ostentat.
586 1006 650 1049 non
681 997 853 1069 perpetuae
885 988 994 1050 hiemis
1019 987 1162 1060 saeuitia,
1194 1005 1259 1047 non
1281 984 1450 1046 hominum

221 1092 346 1173 ingenia
376 1093 417 1154 ad
445 1094 677 1156 similitudinem
702 1094 779 1156 caeli
801 1095 848 1156 sui
872 1094 1031 1157 horrentia
1053 1091 1310 1156 transferentibus
1335 1091 1452 1153 domos

221 1218 294 1261 suas
317 1199 515 1262 obstiterunt.
561 1199 764 1263 Atheniensis
787 1203 817 1263 in
840 1201 921 1264 Asia
943 1202 1036 1264 turba
1059 1210 1108 1263 est
1163 1199 1290 1261 Miletus
1312 1200 1452 1280 quinque
1475 1211 1494 1264 2

193 1352 195 1356 ,
222 1314 254 1367 et
277 1308 476 1388 septuaginta
507 1306 628 1369 urbium
660 1307 813 1390 populum
844 1309 874 1368 in
906 1309 1029 1370 diuersa
1052 1306 1169 1368 effudit.
1215 1315 1320 1368 totum
1345 1306 1453 1367 Italiae

184 1427 208 1467 10
222 1411 310 1488 latus,
332 1412 420 1493 ¹quod
444 1413 541 1476 infero
566 1415 643 1476 mari
666 1413 810 1488 adluitur,
834 1415 934 1476 maior
959 1414 1092 1476 Graecia
1115 1413 1177 1475 fuit.
1224 1412 1350 1474 Tuscos
1375 1405 1453 1474 Asia

222 1519 280 1580 sibi
311 1521 455 1582 uindicat.
501 1519 588 1601 Tyrii
620 1521 760 1584 Africam
791 1521 945 1596 incolunt,
977 1522 1160 1602 Hispaniam
1195 1510 1318 1594 Poeni(
1340 1518 1452 1580 Graeci

222 1647 257 1694 se
287 1627 317 1687 in
341 1626 475 1690 Galliam
508 1627 704 1703 inmiserunt,
736 1631 766 1691 in
789 1628 954 1692 Graeciam
979 1627 1068 1690 Galli.
1115 1628 1295 1707 Pyrenaeus
1318 1624 1450 1687 Germa-

222 1754 333 1795 norum
358 1736 505 1797 transitus
528 1756 592 1797 non
615 1735 755 1798 inhibuit.
799 1756 857 1819 per
880 1737 968 1810 inuia,
993 1756 1049 1817 per
1072 1734 1232 1815 incognita
1257 1734 1395 1796 uersauit
1418 1741 1477 1794 se3

222 1838 360 1902 humana
390 1841 507 1903 leuitas
561 1841 678 1904 liberos
709 1843 922 1924 coniugesque
959 1851 991 1904 et
1027 1862 1140 1922 graues
1178 1842 1265 1921 senio
1304 1848 1452 1922 parentes

184 1961 208 2000 ιδ
222 1955 394 2009 traxerunt.
441 1948 490 2010 alii
521 1948 619 2028 longo
651 1970 756 2011 errore
788 1951 893 2011 iactati
920 1970 985 2010 non
1013 1949 1126 2010 iudicio
1151 1946 1314 2028 elegerunt
1338 1945 1452 2019 locum,
1495 2016 1499 2023 f

222 2055 278 2115 sed
314 2054 495 2116 lassitudine
530 2057 712 2136 proximum
749 2066 982 2138 occupauerunt
1045 2054 1095 2117 alii
1131 2055 1225 2117 armis
1256 2054 1315 2115 sibi
1347 2055 1393 2116 ius
1424 2055 1452 2115 in

221 2159 322 2222 aliena
344 2170 428 2222 terra
451 2159 597 2223 fecerunt.
638 2164 791 2244 quasdam
816 2172 936 2243 gentes
960 2183 1032 2224 cum
1056 2164 1166 2242 ignota
1188 2170 1343 2242 peterent,
1368 2182 1453 2224 mare

222 2266 332 2329 hausit.
377 2270 535 2348 quaedam
567 2269 608 2330 ibi
631 2271 858 2345 consederunt,
889 2269 942 2331 ubi
965 2268 1031 2331 illas
1054 2288 1159 2330 rerum
1183 2268 1323 2330 omnium
1348 2269 1454 2350 inopia

222 2354 377 2456 deposuit.
430 2394 489 2436 nec
527 2376 674 2437 omnibus
712 2378 824 2438 eadem
864 2397 958 2467 causa
993 2374 1187 2456 relinquendi
1217 2375 1483 2456 quaerendiquel

171 2466 208 2531 >2¹0
221 2481 354 2562 patriam
379 2480 453 2543 fuit:
487 2481 564 2544 alios
588 2484 713 2545 excidia
736 2484 859 2546 urbium
884 2504 1010 2546 suarum
1033 2482 1199 2546 hostilibus
1215 2483 1311 2544 armis
1328 2482 1454 2563 elapsos

222 2590 252 2650 in
283 2587 382 2651 aliena
413 2589 566 2672 spoliatos
596 2590 657 2653 suis
686 2584 883 2672 expulerunt.
929 2590 1005 2653 ahos
1034 2589 1210 2652 domestica
1231 2587 1345 2650 seditio
1368 2609 1452 2650 sum-

222 2697 330 2758 mouit.
376 2696 453 2759 alios
477 2697 571 2758 nimia
594 2697 812 2779 superfluentis
835 2696 943 2780 populi
966 2696 1139 2778 frequentia
1161 2697 1202 2758 ad
1230 2698 1455 2758 exonerandas

221 2803 302 2865 uires
334 2804 444 2866 emisit.
490 2797 567 2867 alios
598 2804 775 2887 pestilentia
805 2813 859 2866 aut
886 2803 1065 2886 frequentes
1095 2813 1249 2865 terrarum
1272 2801 1377 2864 hiatus
1401 2812 1455 2864 aut

222 2910 324 2991 aliqua
353 2910 550 2973 intoleranda
589 2911 716 2974 infelicis
746 2912 804 2974 soli
835 2913 909 2974 uitia
939 2912 1104 2974 eiecerunt.
1157 2910 1315 2990 quosdam
1347 2909 1455 2972 fertilis

182 3030 209 3070 ‘2⁵
223 3038 298 3079 orae
329 3027 361 3080 ct
394 3019 424 3079 in
448 3020 546 3080 maius
569 3018 715 3081 laudatae
739 3017 823 3081 fama
845 3019 992 3100 corrupit.
1037 3017 1116 3078 alios
1138 3014 1316 3106 aliapcausa
1339 3018 1456 3090 exciuit

194 3120 209 3142 ⁸
222 3126 370 3189 domibus
393 3125 472 3187 suis:
507 3125 581 3188 illud
604 3126 710 3207 utique
734 3124 934 3189 manifestum
959 3135 1015 3199 est,
1039 3122 1112 3185 nihil
1135 3123 1251 3185 eodem
1275 3123 1349 3186 loco
1365 3143 1452 3185 man-
1473 3128 1487 3180 5

225 3444 357 3509 lagedt't
371 3445 493 3510 (amedu
507 3445 576 3511 ras.)
668 3420 791 3510 2genre⁵·
851 3419 1092 3514 ,liranlerenrim
1165 3440 1378 3494 '8Atheniensis
1393 3438 1451 3494 E':

225 3535 333 3582 athenis
407 3533 440 3585 10
454 3538 521 3584 lusco
535 3536 621 3583 sasiau
693 3533 730 3585 ’11
745 3535 893 3599 Hispaniam
907 3530 1045 3585 Muretus:
1061 3532 1203 3596 inhispania
1280 3532 1377 3595 grpclse

225 3622 257 3674 12
276 3625 412 3686 Pyrenaeus
426 3619 522 3690 tadqo:
543 3639 688 3686 pyrenaeos
781 3620 812 3673 13
832 3623 916 3686 pinula
930 3622 1076 3685 pincognila
1089 3617 1149 3673 aod.
1163 3624 1190 3672 et
1201 3623 1308 3672 ueteres
1322 3617 1454 3672 editiones

223 3709 270 3779 (af.
286 3709 375 3763 deira
389 3713 413 3773 3,
428 3712 470 3771 20,
485 3713 500 3761 2
514 3728 557 3775 per
570 3712 644 3773 inuia,
663 3728 707 3776 per
726 3713 818 3760 arentia
838 3711 951 3759 trahebat
970 3726 1069 3758 omnem
1089 3708 1155 3758 bello
1168 3708 1251 3759 utilem
1265 3709 1390 3775 turbam);
1411 3725 1455 3773 per

225 3854 350 3917 incognita
370 3851 481 3905 Fickert
506 3859 531 3905 el
557 3851 650 3906 Haase
741 3853 773 3904 15
799 3829 840 3901 ali¹
931 3809 997 3901 iudfl
1089 3849 1122 3902 1ss
1148 3826 1193 3898 all·
1287 3851 1324 3900 ius
1347 3850 1454 3900 inaliena

225 3945 416 4011 (porisma,
435 3939 649 4021 aidelarfaisse
668 3943 686 4008 t)
785 3940 817 3994 19
842 3942 985 4006 querendiqz
1078 3939 1109 3990 21
1138 3939 1218 3989 aliena
1237 3937 1340 4008 Neap:
1361 3939 1470 3988 alienas·

331 4033 463 4080 summouit
483 4031 513 4097 (it
531 4031 558 4082 ia
578 4036 647 4091 ras.)
756 4028 789 4082 23
815 4031 887 4078 urbes
906 4026 1064 4092 Praeclaram,
1083 4027 1161 4080 caius
1179 4026 1363 4080 coniecturam
1382 4041 1452 4081 com·

224 4117 420 4173 mandanarum
439 4117 559 4190 [Medeia
585 4125 611 4172 et
637 4118 733 4181 Gertz,
760 4117 810 4171 sed
834 4117 898 4171 aide
920 4115 1012 4170 Vellei.
1038 4114 1145 4170 Patere.
1168 4120 1190 4182 l,
1210 4120 1236 4180 4,
1256 4120 1270 4167 3
1298 4132 1391 4181 magna
1416 4117 1452 4164 uis

224 4210 336 4258 Graecae
362 4210 503 4269 iuuentutis,
530 4210 680 4281 abundantia
695 4209 792 4258 vuirium
816 4209 886 4258 sedes
912 4208 1064 4272 quaeritans,
1089 4207 1113 4255 in
1133 4207 1219 4256 Asiam
1238 4221 1264 4255 se
1283 4205 1382 4267 effudit,
1407 4200 1455 4256 abi

223 4330 304 4386 Kritz
323 4337 396 4386 reete
417 4331 538 4387 Senecae
557 4331 644 4387 locum
663 4331 834 4402 comparauit
960 4332 1090 4396 frequentis
1209 4328 1243 4382 25
1268 4292 1327 4393 hore

225 4423 340 4474 laudatae
358 4421 437 4477 dela:
459 4424 581 4473 laudatas
