3060 5078
309 107 388 151 nint.
405 108 442 151 Vl.
473 108 514 149 AD
530 108 672 149 Manciam
690 107 729 148 DE
744 108 986 151 CONSOLATIONE.
1018 111 1048 152 tt.
1234 113 1292 177 137

60 275 139 318 cum
164 254 367 318 muliebribus
391 257 521 337 ingeniis
544 255 645 335 egisse
669 264 701 317 et
724 254 856 317 uirtutes
878 254 998 316 illarum
1023 255 1052 316 in
1076 264 1180 317 artum
1197 265 1302 341 retra-¹

58 363 174 425 xisse?
197 382 254 446 par
276 361 342 437 illis,
367 361 442 424 mihi
466 364 569 436 crede,
594 362 691 442 uigor,
714 382 772 442 par
794 362 836 423 ad
860 360 1009 436 honesta,
1041 361 1140 424 libera
1163 361 1295 425 facultas

10 476 123 532 Post.
171 469 315 532 dolorem
339 469 545 549 laboremque
569 489 611 530 ex
635 488 753 548 aequ0,
778 468 801 530 si
826 488 1026 541 consueuere
1049 470 1217 548 patiuntur.
1264 471 1295 531 in

54 597 129 658 qua
151 576 234 638 istud
260 575 345 651 urbe,
369 577 401 639 di
424 576 509 651 boni,
533 575 708 656 loquimur?
737 576 767 636 in
790 595 853 655 qua
876 595 985 657 regem
1009 575 1163 637 Romanis
1187 576 1299 658 capiti-¹

53 683 125 746 bus
156 683 303 746 Lucretia
338 692 370 745 et
395 683 513 745 Brutus
549 684 746 745 deiecerunt:
786 681 884 744 Bruto
922 681 1103 744 libertatem·
1131 682 1322 757 debemust

56 790 232 853 Lucretiae
262 789 403 852 Brutum.
449 790 480 851 in
508 809 570 870 qua
594 787 747 851 Cloeliam
780 797 967 869 contempto
998 798 1031 850 et
1062 788 1153 852 hoste
1177 798 1210 852 et
1238 789 1294 852 fiu-

56 898 151 959 mine
182 897 335 978 insignem
368 894 411 958 ob
443 897 605 958 audaciam
637 904 760 957 tantum
785 896 903 957 nonin
928 896 1011 957 uiros
1035 896 1295 977 transcripsimus,

56 1005 202 1084 equestri
226 1004 363 1065 insidens
394 1012 517 1065 statuae
548 1003 577 1064 in
609 1022 697 1064 sacra
729 1003 794 1076 uia,
825 1001 1035 1064 celeberrimo
1056 1002 1144 1076 loen,
1177 1002 1296 1066 Cloelia

56 1110 241 1191 exprobrat
270 1110 433 1172 iuuenibus
464 1110 578 1171 nostris
608 1108 770 1190 puluinum
802 1109 1059 1184 escendentibus,
1098 1111 1128 1170 in
1159 1129 1196 1171 ea
1226 1109 1296 1172 illos

10 1220 19 1269 l
56 1216 144 1278 urbe
175 1218 219 1278 sic
249 1217 386 1297 ingredi,
417 1217 448 1278 in
479 1236 541 1298 qua
573 1217 668 1277 etiam
699 1214 830 1277 feminas
855 1235 937 1296 equo
962 1216 1159 1278 donauimus.
1204 1218 1293 1297 quod
1310 1231 1335 1272 ¹⁰

58 1323 89 1385 si
112 1322 171 1385 tibi
193 1323 239 1384 uis
262 1323 412 1404 exempla
434 1321 539 1384 referri
563 1321 763 1396 feminarum,
786 1341 868 1402 quae
891 1342 966 1383 suos
990 1321 1111 1384 fortiter
1135 1323 1294 1386 desidera-

60 1431 182 1504 uerint,
205 1449 269 1491 non
293 1430 432 1492 ostiatim
455 1449 614 1510 quaeram.
661 1449 702 1490 ex
727 1448 788 1490 una
811 1428 868 1490 tibi
891 1427 1008 1494 familia
1032 1429 1110 1490 duas
1134 1426 1296 1491 Cornelias

62 1535 172 1598 dabo:
205 1517 339 1616 primam
363 1535 518 1617 Scipionis
548 1535 660 1610 filiam,
684 1534 902 1598 Gracchorum
935 1543 1079 1597 matrem.
1126 1536 1294 1598 duodecim

60 1641 117 1717 jlla
140 1651 247 1724 partus
270 1644 406 1705 totidem
430 1641 588 1704 funeribus
612 1643 805 1722 recognouit.
853 1651 885 1704 et
908 1643 949 1703 de
972 1643 1084 1705 ceteris
1106 1639 1195 1704 facile
1219 1651 1295 1716 erat,

61 1769 147 1830 quos
178 1769 237 1811 nec
269 1750 371 1812 editos
402 1769 461 1812 nec
484 1749 617 1811 amissos
640 1750 749 1811 ciuitas
780 1748 894 1810 sensit:
929 1747 1089 1811 'liberium
1115 1748 1293 1811 Gracchum
1311 1766 1334 1804 u

65 1865 97 1919 et
113 1855 230 1920 Gaium
247 1854 435 1930 Gracchum,
460 1874 540 1937 quos
565 1857 659 1917 etiam
684 1856 737 1935 qui
752 1855 857 1917 bonos
873 1856 956 1917 uiros
973 1857 1134 1936 negauerit
1159 1853 1294 1937 magnos

64 1962 229 2036 fatebitur,
268 1972 300 2025 et
338 1964 461 2025 occisos
500 1963 576 2024 uidit
614 1970 646 2023 et
684 1961 864 2043 insepultos.
912 1962 1148 2024 consolantibus
1186 1971 1294 2025 tamen

65 2070 276 2151 miseramque
309 2069 500 2144 dicentibus,
532 2088 714 2149 numquam,
738 2068 844 2150 inquit,
868 2089 933 2130 non
957 2067 1079 2130 felicem
1104 2090 1157 2131 me
1180 2070 1293 2144 dicam,

14 2171 146 2257 4quae
169 2174 332 2238 Gracchos
363 2176 479 2258 peperi.
527 2174 672 2239 Cornelia
696 2175 765 2237 Liui
789 2175 883 2237 Drusi
918 2174 1122 2237 clarissimum
1147 2177 1292 2238 iuuenem

65 2282 200 2346 inlustris
222 2283 353 2364 ingenii,
386 2283 558 2345 uadentem
581 2302 638 2365 per
662 2280 848 2344 Gracchana
871 2281 1021 2362 uestigia,
1045 2281 1221 2363 inperfectis
1244 2292 1294 2345 tot
1309 2297 1335 2338 ²⁰

65 2389 283 2470 rogationibus
320 2390 400 2451 intra
439 2398 569 2470 penates
608 2389 832 2470 interemptum
868 2408 958 2463 suos,
998 2389 1145 2451 amiserat
1176 2389 1294 2451 incerto

65 2496 171 2558 caedis
201 2504 337 2558 auctore.
383 2505 491 2558 tamen
522 2505 554 2558 et
586 2495 733 2558 acerbam
767 2505 903 2558 mortem
935 2494 986 2556 filii
1019 2504 1050 2558 et
1073 2494 1203 2558 inultam
1228 2505 1293 2558 tam

34 2603 184 2684 imagno
208 2604 313 2665 animo
336 2602 422 2678 tulit,
446 2623 541 2683 quam
565 2603 632 2685 ipse
655 2602 743 2683 leges
766 2601 888 2664 tulerat
908 2617 910 2622 ·
934 2603 996 2665 iam
1021 2623 1092 2664 cum
1116 2602 1295 2665 fortunain

64 2709 209 2790 gratiam,
232 2709 360 2786 Marcia,
384 2711 557 2786 reuerteris,
581 2711 606 2771 si
629 2709 693 2772 tela
716 2729 797 2790 quae
820 2710 850 2770 in
868 2709 1031 2791 Scipiones
1048 2708 1295 2790 Scipionumque

64 2823 183 2878 matres
214 2835 251 2911 ac
281 2815 358 2878 filias
390 2817 514 2897 exegit,
545 2817 661 2897 quibus
683 2816 834 2879 Caesares
865 2817 971 2897 petiit,
1005 2836 1044 2878 ne
1068 2836 1087 2878 a
1109 2826 1142 2877 te
1165 2816 1292 2896 quidem
1308 2829 1335 2869 2⁵

63 2923 238 3008 continuit?
269 2922 362 3005 plena
393 2933 424 2984 et
455 2922 567 2985 infesta
599 2924 690 2985 uariis
714 2923 838 2984 casibus
861 2926 925 2984 uita
949 2930 1012 2998 est,
1043 2923 1198 3003 aquibus
1222 2921 1296 2999 nulli

64 3029 163 3110 longa
185 3049 259 3111 pax,
284 3031 335 3091 uix
360 3031 498 3092 indutiae
521 3039 602 3092 sunt.
648 3039 797 3111 quattuor
825 3028 940 3091 liberos
964 3029 1144 3103 sustuleras,
1168 3028 1294 3091 Marcia.

64 3276 262 3329 fmuliebribus
282 3278 384 3341 ingeniis
404 3273 568 3330 Prltoiwus:
597 3278 704 3326 mulieris
723 3235 817 3342 ingenis
926 3278 1036 3328 'troierit
1137 3276 1216 3326 libera
1237 3273 1262 3328 Ε
1270 3276 1292 3325 ¹:

62 3366 144 3415 libeat
245 3366 301 3419 ttsi
321 3363 486 3420 deteriores:
507 3372 536 3418 se
636 3365 696 3419 Get
715 3368 786 3416 hoste
806 3363 913 3420 Haase:
937 3368 1032 3416 inhoste
1139 3365 1294 3430 iimignem

62 3455 102 3505 ob
124 3450 220 3508 Gertz:
242 3456 276 3505 ob
295 3456 415 3519 insignem
500 3453 517 3508 8
537 3456 641 3520 equestri
661 3456 768 3505 insidens
786 3463 880 3506 statuae
899 3461 1036 3524 tamqnam
1054 3454 1174 3524 ineptum
1190 3459 1293 3506 tunian-

63 3542 132 3599 dum
152 3559 210 3597 erse
228 3551 318 3598 censet
340 3542 370 3598 0.
389 3543 459 3598 Iaitn
479 3541 586 3613 (philol.
607 3545 648 3610 28,
666 3559 694 3613 p.
709 3545 735 3608 9)
756 3544 782 3597 in
802 3545 907 3609 equestri
926 3551 1014 3606 statua,
1034 3541 1085 3596 sed
1102 3543 1191 3612 ipsunt
1212 3540 1294 3595 Sene·
1358 3541 1363 3552 '

62 3646 130 3687 cam
149 3632 308 3686 conscisse
326 3629 436 3686 uidetur
538 3633 634 3682 Cloelia
654 3635 787 3698 exprobrat
807 3630 905 3702 rrulqo:
934 3633 1054 3682 Cloeliam
1074 3633 1195 3697 exprobat

62 3722 82 3776 9
105 3721 129 3770 in
148 3737 177 3771 ea
196 3723 251 3772 illos
269 3724 353 3772 urbe·
381 3721 416 3788 (in
435 3738 464 3772 ea
483 3722 510 3774 in
529 3723 597 3786 ras.)
695 3722 728 3774 lfl
748 3722 834 3787 quodsi
855 3723 899 3772 tihi
919 3723 955 3771 uis
974 3716 1137 3774 Pincianus:
1164 3721 1231 3784 quod
1250 3720 1294 3768 tibi

61 3811 127 3862 sinis
206 3811 238 3863 13
256 3812 376 3876 grachott
462 3809 494 3863 tt
514 3816 549 3861 est
568 3808 628 3866 cod.
648 3817 700 3861 erat
719 3807 811 3868 linoln
833 3807 982 3863 Pincianus
1000 3815 1096 3863 contra
1114 3807 1204 3861 statim
1223 3809 1294 3857 sentit

57 3914 120 3973 pro
139 3899 212 3950 sensit
231 3897 405 3953 scribendum
424 3910 483 3953 csse
502 3897 608 3953 censuit
697 3899 730 3952 rt»
750 3900 853 3964 editos*
940 3901 971 3952 T.
991 3899 1125 3964 gracchum
1145 3913 1206 3961 quos
1224 3893 1294 3959 cod,

62 3985 132 4043 olim
149 3985 303 4058 suppletum
408 3989 440 4041 19
459 3989 524 4038 Liuii
543 3989 617 4038 Drusi
635 3987 758 4059 Lipsius:
781 3990 831 4038 diui
851 3989 916 4039 drusi
1017 3988 1051 4039 ‘22
1070 3987 1138 4036 cedis
1228 3986 1294 4035 etin

62 4079 149 4182 uitim
167 4146 259 4196 magno
278 4132 332 4180 tulit
350 4146 424 4196 quam
444 4127 513 4191 cod,
533 4131 634 4180 inultam
654 4127 710 4198 El,
729 4146 821 4195 magno
840 4131 924 4180 animo
944 4127 1094 4183 deteriores
1177 4126 1211 4178 atr
1232 4127 1294 4175 filias

65 4218 188 4290 Lipsius.
210 4216 339 4289 Mndniq:
362 4220 425 4268 filios
516 4221 585 4284 petiit
603 4217 701 4289 ttttfqox
724 4222 783 4284 petit
873 4219 906 4271 '27
927 4220 1041 4283 indutias
1061 4224 1113 4266 sunt
