3046 5092
315 347 448 390 matut.
479 348 521 387 AD
536 347 679 388 MARCIAM
695 347 735 387 DE
750 346 993 390 CONSOLATIONE.
1023 351 1078 393 M.
1168 361 1170 366 ’
1251 352 1311 414 127

96 494 205 577 inpetus
237 493 294 556 fiat
324 504 421 575 atque
452 495 538 556 omni
569 514 602 557 se
634 514 750 574 genere
781 494 931 555 saeuitiae
962 493 1157 575 profecturus
1188 478 1314 556 maeror

52 603 55 612 '
93 612 249 665 exerceat:
288 603 345 663 sed
380 603 406 663 si
441 601 530 663 nullis
568 601 745 683 planctibus
776 600 923 662 defuncta
954 609 1157 676 reuocantur,
1188 604 1213 664 si
1244 622 1313 664 sors

89 709 204 770 inmota
227 717 259 770 et
289 711 319 769 in
344 717 506 770 aeternum
535 708 600 769 fixa
622 707 706 770 nulla
736 709 860 770 miseria
884 717 1023 770 mutatur
1046 718 1078 769 et
1101 729 1188 770 mors
1213 711 1313 771 tenuit

57 816 235 896 3quidquid
258 815 395 889 abstulit,
419 816 542 877 desinat
567 815 659 877 dolor
682 816 734 896 qui
757 817 846 897 perit.
885 836 982 895 quare
1005 835 1153 895 regamur
1175 837 1234 877 nec
1253 837 1312 878 nos

84 923 141 984 ista
164 924 210 983 uis
234 931 431 984 transuersos
454 922 581 984 auferat.
620 922 718 1003 turpis
743 930 791 983 est
814 922 928 1002 nauigii
952 932 1062 996 rector,
1087 923 1136 983 cui
1156 924 1339 1003 guberna-5

81 1028 151 1091 cula
176 1029 288 1091 fluctus
312 1030 431 1112 eripuit,
456 1030 507 1110 qui
532 1029 684 1099 fluitantia
707 1028 777 1090 uela
799 1030 945 1103 deseruit,
969 1030 1109 1111 permisit
1133 1033 1313 1111 tempestati

79 1147 203 1197 ratem:
231 1147 262 1199 at
286 1135 335 1197 ille
358 1135 407 1197 uel
431 1140 462 1197 in
483 1135 645 1216 naufragio
661 1135 836 1197 laudandus
852 1132 947 1216 quem
965 1137 1069 1198 obruit
1085 1156 1172 1198 mare
1189 1136 1312 1199 clauum

79 1252 246 1305 tenentem
270 1252 302 1305 et
326 1244 491 1305 obnixum.
542 1308 544 1313 ,
1140 1232 1143 1243 ⁴

25 1355 52 1406 -1
172 1349 242 1411 VII.
291 1349 339 1412 At
370 1350 453 1411 enim
476 1348 616 1411 naturale
645 1350 833 1412 desiderium
864 1370 993 1412 suorum
1018 1358 1074 1411 est.
1118 1353 1186 1433 quis
1209 1361 1314 1432 negat,

77 1458 234 1538 quamdiu
266 1456 427 1518 modicum
458 1460 524 1519 est?
557 1477 630 1518 narn
662 1457 817 1531 discessu,
850 1477 913 1518 non
944 1457 1047 1518 solum
1072 1459 1239 1520 amissione
1262 1478 1311 1520 ca·
1331 1477 1353 1517 ιο

77 1564 278 1626 rissimorum
302 1565 494 1626 necessarius
518 1584 641 1625 morsus
662 1571 711 1624 est
734 1573 766 1625 et
785 1562 1034 1625 firmissimorum
1050 1585 1177 1646 quoque
1193 1567 1312 1628 animo-

79 1691 155 1732 rum
179 1672 363 1733 contractio
402 1672 460 1732 sed
482 1671 553 1752 plu's
577 1680 625 1732 est
648 1672 735 1750 quod
756 1672 863 1751 opinio
880 1672 973 1733 adicit
988 1692 1084 1752 quam
1100 1675 1187 1754 quod
1203 1682 1314 1734 natura

40 1778 259 1860 2imperauit.
330 1776 457 1859 adspice
504 1785 663 1839 mutorum
703 1776 882 1838 animalium
920 1798 1016 1860 quam
1057 1781 1215 1840 concitata
1252 1779 1314 1841 sint

77 1882 240 1946 desideria
277 1893 308 1946 et
346 1895 454 1946 tamen
492 1904 587 1966 quam
627 1884 740 1946 breuia.
791 1905 956 1946 uaccarum
996 1906 1059 1947 uno
1091 1887 1142 1947 die
1173 1884 1314 1948 alteroue

76 1992 222 2071 mugitus
252 1991 391 2065 auditur,
422 2012 481 2052 nec
512 1992 625 2053 diutius
657 2012 808 2072 equarum
839 2011 939 2071 uagus
970 1992 1020 2053 ille
1051 2013 1222 2073 amensque
1251 1994 1311 2055 dis.
1330 2013 1354 2052 nn

76 2118 190 2160 cursus
214 2108 270 2160 est.
309 2098 393 2160 serae
413 2118 484 2160 cum
510 2099 641 2178 uestigia
664 2096 839 2160 catulorum
863 2108 1064 2160 consectatae
1080 2110 1152 2161 sunt
1169 2110 1200 2161 et
1221 2101 1314 2163 siluas
1348 2075 1369 2111 ⁴

53 2195 290 2286 'peruagatae
316 2225 387 2266 cum
411 2226 506 2286 saepe
530 2206 571 2267 ad
595 2205 707 2267 cubilia
730 2204 871 2286 expilata
894 2206 1066 2281 redierunt,
1091 2208 1210 2268 rabiem
1234 2209 1314 2269 intra

76 2313 234 2392 exiguum
267 2323 392 2394 tempus
423 2314 618 2394 extinguunt.
673 2333 747 2374 aues
778 2334 850 2375 cum
881 2315 1017 2375 stridore
1047 2334 1166 2395 magno
1206 2317 1314 2376 inanes

76 2420 176 2481 nidos
208 2417 532 2495 circumfremuerunt,
564 2421 645 2482 intra
676 2428 872 2482 momentum
904 2430 1012 2482 tamen
1041 2422 1165 2502 quietae
1189 2421 1312 2483 uolatus

74 2547 157 2588 suos
188 2535 342 2607 repetunt.
388 2547 448 2588 nec
478 2526 528 2588 ulli
559 2526 684 2589 animali
715 2527 844 2608 longum
876 2526 957 2589 fetus
981 2528 1026 2590 sui
1051 2529 1240 2590 desiderium
1264 2538 1313 2591 est
1326 2544 1352 2585 20

19 2646 43 2701 Γ
75 2633 139 2696 nisi
163 2632 289 2708 homini,
313 2635 365 2715 qui
389 2636 479 2696 adest
503 2633 604 2696 dolori
627 2656 685 2696 suo
709 2655 767 2696 nec
790 2645 911 2696 tantum
937 2645 1088 2716 quantum
1112 2636 1221 2710 sentit,
1236 2629 1311 2696 'sed

35 2744 52 2795 3
75 2749 234 2822 quantum
259 2742 426 2815 constituit,
450 2740 600 2803 adficitur.
640 2751 674 2802 ut
695 2742 773 2803 scias
795 2751 902 2804 autem
920 2763 983 2803 non
1000 2762 1069 2803 esse
1085 2740 1147 2803 hoc
1162 2742 1311 2818 naturale,
1373 2820 1377 2829 .

73 2847 216 2910 luctibus
240 2847 347 2929 frangi,
370 2849 506 2930 primum
531 2849 631 2927 magis
654 2848 785 2910 feminas
808 2869 912 2930 quam
925 2849 1017 2923 uiros,
1041 2850 1143 2928 magis
1159 2849 1311 2910 barbaros

73 2974 177 3036 quam
207 2953 350 3036 placidae
378 2955 580 3036 eruditaeque
604 2956 705 3034 gentis
728 2954 889 3030 homineS,
921 2956 1021 3035 magis
1044 2956 1191 3016 indoctos
1215 2975 1310 3036 quam

74 3062 197 3125 doctos
235 3061 348 3123 eadem
387 3062 506 3123 orbitas
545 3060 695 3123 uoluerat.
747 3062 832 3142 atqui
871 3081 908 3123 ea
945 3081 1027 3143 quae
1057 3082 1077 3122 a
1106 3073 1216 3123 natura
1246 3062 1309 3123 uim
1324 3079 1350 3119 ra

73 3176 279 3257 acceperunt,
304 3169 438 3230 eandem
463 3169 492 3229 in
516 3169 664 3230 omnibus
687 3179 829 3230 seruant:
856 3177 989 3249 apparet
1004 3189 1068 3239 non
1085 3189 1152 3230 esse
1169 3161 1310 3230 naturale
1363 3208 1365 3212 -

32 3274 169 3356 tquod
198 3275 318 3336 uarium
350 3284 407 3337 est.
452 3276 532 3356 ignis
564 3276 667 3338 omnis
695 3276 806 3338 aetatis
831 3277 1036 3356 omniumque
1055 3275 1203 3337 ordinum
1228 3277 1311 3337 ciues

75 3401 192 3409 ——...-.
200 3402 244 3407 ..--
259 3402 270 3406 -
280 3402 294 3406 -

78 3462 202 3525 lseuitie
298 3477 380 3510 meror
482 3463 497 3511 3
523 3462 598 3510 tenuit
624 3475 733 3514 necesse
758 3475 895 3515 essenon
914 3459 1025 3514 uidetur
1049 3476 1109 3514 cum
1130 3459 1262 3514 Pinuiuno
1281 3462 1309 3515 in

73 3608 146 3655 tenet
166 3602 268 3656 mutari
338 3601 490 3669 lquicquid
563 3604 732 3655 tilluuitantia
806 3561 957 3656 70bmptare
1040 3605 1137 3653 clauum
1157 3600 1307 3656 Erasmus:

73 3709 169 3743 nauem
272 3691 378 3745 enecat
404 3691 428 3760 (c
447 3691 475 3744 in
493 3710 511 3758 g
529 3693 613 3759 corr.)
719 3693 750 3745 12
776 3694 842 3759 quod
861 3695 946 3758 opinio
967 3691 1132 3746 deteriores:
1154 3697 1203 3758 qua
1222 3694 1307 3758 opinio

175 3835 208 3887 13
228 3837 312 3900 aspice
415 3834 445 3887 15
465 3784 553 3909 equgtt
626 3824 681 3888 '16
701 3837 751 3900 lere
853 3835 884 3888 17
903 3837 1026 3886 redierunt
1045 3833 1173 3889 Fickert:
1194 3837 1310 3886 redierint

165 3930 196 3984 18
215 3935 341 3998 extingunt
425 3933 458 3985 22
478 3935 582 3983 afficitur
603 3932 696 4002 (prior
715 3935 725 3982 f
742 3934 827 4002 corr.)
912 3933 946 3986 24
965 3935 1077 3999 placidas
1097 3931 1309 4000 (arscennene)

75 4023 214 4087 cruditasq3
236 4023 300 4088 (asq3
322 4024 432 4089 ecorr.)
452 4028 537 4087 genten
555 4021 615 4079 cod.
632 4019 688 4091 suit
706 4021 789 4091 ἐρίων
807 4023 924 4089 placidae
941 4023 1097 4088 eruditaeque
1116 4038 1149 4078 m.
1167 4037 1210 4091 pr.
1228 4024 1308 4087 gentis

74 4127 151 4164 meus
170 4108 336 4165 deteriorum
425 4111 458 4163 ‘25
478 4112 587 4161 uulnerat
607 4113 631 4177 (u
646 4128 660 4164 e
673 4112 756 4177 corr.)
842 4112 908 4177 atqui
926 4129 955 4162 ea
974 4128 1037 4177 quae
1056 4109 1220 4164 deteriores:
1241 4111 1308 4176 atqui

76 4217 146 4264 aqua
240 4200 273 4253 27
293 4217 379 4251 omnes
398 4207 474 4265 etates
493 4202 613 4266 oniniumq;
634 4202 707 4252 urbit'r
726 4198 787 4253 cod.
812 4202 891 4250 omnis
911 4202 997 4250 aetatis
1016 4201 1174 4264 omniumque
1193 4200 1306 4249 ordinum

74 4285 170 4351 Koch,
195 4288 233 4357 cf.
261 4285 314 4342 Ciu.
340 4290 367 4340 iu
392 4285 448 4341 Pis.
475 4291 506 4340 52
539 4291 648 4340 omnium
679 4306 793 4354 generum
826 4295 932 4338 aetatum
956 4290 1070 4338 ordinum
1097 4305 1182 4337 omnes
1207 4289 1252 4338 uiri
1277 4305 1307 4338 ac

75 4378 192 4429 mulieres
200 4383 214 4437 ;’
235 4379 273 4429 96
298 4395 385 4428 omnes
410 4379 524 4428 mortales
549 4379 660 4428 omnium
684 4394 815 4444 generum,
834 4383 955 4440 aetatum,
985 4377 1117 4436 ordinum
1152 4375 1220 4432 Vell.
1246 4374 1307 4432 Pal.

76 4469 108 4530 2,
136 4467 169 4518 89
206 4483 256 4533 quo
287 4467 372 4517 fauore
403 4470 513 4518 omnium
544 4469 686 4530 hominum,
718 4468 849 4530 aetatium,
881 4469 994 4519 ordinum
1019 4471 1133 4535 exceptus
1163 4468 1209 4526 sit;
1244 4464 1307 4525 Seu.

288 4690 306 4714 ρ
