3046 5092
329 324 408 367 DIAL.
418 323 467 367 Vll.
494 322 536 363 AD
551 323 728 364 GALLIONEM
743 324 783 365 DE
798 323 869 364 VITA
883 324 989 365 ΒΕΑΤΑ.
1018 325 1051 366 ts.
1240 300 1317 392 173(

34 485 62 537 2
83 470 236 532 laudanda
266 470 413 532 tractatio
444 479 500 531 est.
547 470 623 550 quid
655 471 782 542 mirum,
813 470 837 530 si
865 490 930 531 non
953 472 1127 532 escendunt
1150 472 1179 531 in
1204 470 1302 534 altum

83 579 175 639 ardua
202 578 363 657 adgressi?
395 577 453 638 sed
476 577 500 637 si
524 578 569 637 uir
592 596 642 650 ea,
673 577 811 656 suspice,
844 577 965 638 etiamsi
990 577 1154 652 decidunt,
1187 599 1303 659 magna

82 685 226 746 conantis
273 704 427 765 generosa
463 704 512 745 res
547 691 596 745 est
631 684 850 764 respicientem
881 704 946 744 non
977 685 1019 745 ad
1049 704 1137 758 suaS,
1172 687 1230 747 sed
1262 685 1301 745 ad

81 800 205 853 naturae
236 810 312 852 suae
343 792 423 852 uires
454 790 575 864 conari,
607 789 669 851 alta
701 798 859 871 temptare
890 800 922 852 et
954 800 1061 852 mente
1084 792 1203 853 maiora
1226 812 1300 852 con-

81 899 195 980 cipere,
227 918 323 977 quam
354 917 435 979 quae
466 898 559 959 etiam
592 897 710 977 ingenti
740 899 846 958 animo
875 897 1035 958 adornatis
1059 897 1138 959 effici
1162 909 1329 979 possunts

10 1013 51 1064 [ἰ
81 1006 127 1085 qui
155 1005 214 1065 sibi
238 1004 301 1066 hoc
323 1006 504 1085 proposuit:
539 1024 601 1084 ego
626 1013 763 1066 mortem
788 1005 904 1066 eodem
927 1003 1014 1065 uoltu
1038 1005 1303 1086 comoediamque
1380 1027 1384 1039 ·

80 1110 202 1174 uidebo.
249 1129 311 1190 ego
341 1111 517 1186 laboribus,
556 1112 798 1191 quanticumque
829 1110 870 1171 illi
901 1120 1008 1186 erunt,
1046 1112 1166 1192 parebo
1198 1114 1303 1173 animo

80 1217 205 1280 fulciens
229 1237 351 1298 corpus.
385 1238 446 1298 ego
471 1218 593 1279 diuitias
617 1226 649 1279 et
672 1225 854 1297 praesentes
877 1227 910 1279 et
933 1218 1081 1280 absentes
1104 1239 1204 1300 aeque
1228 1240 1301 1280 con-

79 1333 227 1398 temnam,
251 1344 308 1385 nec
331 1325 356 1385 si
380 1323 473 1386 aliubi
496 1323 651 1398 iacebunt,
674 1325 797 1398 tristior,
821 1344 879 1386 nec
902 1325 928 1385 si
951 1325 1032 1386 circa
1055 1345 1107 1386 me
1130 1323 1303 1405 fulgebunt,

79 1431 256 1493 animosior.
302 1451 364 1510 ego
387 1429 545 1492 fortunam
569 1451 627 1493 nec
650 1433 829 1492 uenientem
853 1431 986 1492 sentiam
1010 1451 1069 1493 nec
1091 1433 1303 1494 recedentem.
1320 1455 1343 1493 ro

80 1557 137 1617 ego
162 1545 262 1599 terras
286 1557 398 1598 omnes
421 1546 583 1618 tamquam
608 1557 696 1598 meas
720 1536 846 1611 uidebo,
870 1558 958 1599 meas
973 1545 1136 1617 tamquam
1154 1540 1303 1602 omnium.

79 1663 137 1724 ego
169 1646 215 1706 sic
243 1645 348 1708 uiuam
372 1645 459 1725 quasi
482 1646 578 1706 sciam
603 1642 667 1704 aliis
691 1663 761 1705 esse
784 1664 836 1705 me
859 1652 968 1706 natum
992 1653 1024 1706 et
1047 1653 1177 1707 naturae
1200 1666 1303 1707 rerum

78 1749 137 1812 hoc
175 1752 305 1812 nomine
342 1754 459 1832 gratias
490 1770 604 1830 agam:
643 1771 707 1831 quo
738 1751 821 1812 enim
852 1750 964 1813 melius
994 1770 1111 1830 genere
1140 1753 1304 1830 negotium

79 1879 183 1920 meum
215 1878 310 1944 agere
333 1859 457 1938 potuit?
488 1877 585 1918 unum
609 1878 661 1919 me
686 1857 815 1919 donauit
839 1857 994 1932 omnibus,
1018 1859 1070 1918 uni
1094 1858 1168 1919 mihi
1193 1861 1303 1921 omnis.

16 1973 62 2026 <i
78 1965 229 2046 quidquid
246 1963 383 2039 habebo,
405 1985 464 2026 nec
479 1964 606 2026 sordide
623 1967 801 2026 custodiam
817 1985 876 2026 nec
890 1965 1026 2046 prodige
1041 1985 1198 2046 spargam.
1229 1966 1303 2027 nihil
1319 1987 1343 2026 u

78 2074 177 2153 magis
200 2073 364 2153 possidere
388 2091 439 2132 me
463 2073 592 2133 credam
616 2092 711 2153 quam
735 2072 818 2134 bene
842 2072 968 2133 donata.
1000 2092 1065 2133 non
1088 2093 1221 2134 numero
1246 2094 1304 2134 nec

77 2181 219 2258 pondere
242 2178 394 2240 beneficia
416 2198 475 2239 nec
498 2176 561 2239 ulla
583 2179 640 2239 nisi
663 2179 841 2259 accipientis
854 2178 1083 2241 'aestimatione
1099 2180 1312 2260 perpendam,

77 2305 249 2366 numquam
272 2286 304 2346 id
328 2284 403 2346 mihi
426 2285 560 2346 multum
584 2287 649 2359 erit,
673 2286 762 2365 quod
785 2287 898 2366 dignus
922 2287 1061 2366 accipiet.
1107 2286 1181 2349 nihil
1205 2289 1302 2367 opini-

78 2393 143 2454 onis
168 2412 271 2467 causa,
294 2393 400 2453 omnia
424 2393 632 2454 conscientiae
655 2391 776 2454 faciam.
819 2393 939 2473 populo
963 2403 1127 2473 spectante
1150 2374 1215 2457 fieri
1239 2415 1303 2455 cre-

77 2605 144 2667 finis
169 2606 325 2667 desideria
347 2614 476 2667 naturae
500 2607 702 2686 restinguere,
725 2626 787 2666 non
812 2605 930 2685 inplere
954 2606 1058 2667 aluum
1083 2615 1115 2668 et
1136 2608 1304 2669 exinanire.

79 2731 131 2773 ero
156 2713 263 2773 amicis
287 2713 446 2786 iucundus
471 2712 601 2774 inimicis
625 2713 707 2773 mitis
732 2720 764 2772 et
786 2713 890 2775 facilis.
937 2712 1110 2787 exorabor,
1135 2723 1303 2794 antequam

78 2838 186 2899 roger,
215 2818 358 2880 honestis
381 2818 527 2898 precibus
550 2839 721 2880 occurram.
765 2820 904 2899 patriam
928 2841 1034 2882 meam
1057 2841 1127 2882 esse
1150 2821 1303 2881 mundum

78 2962 285 2969 ——..-—-—

78 3047 245 3098 lescendunt
265 3047 303 3112 (in
318 3053 409 3117 ‘liturg
429 3063 463 3101 m.
484 3051 536 3103 40.
556 3049 699 3114 ascendunt)
791 3048 936 3113 2aggressi
1026 3008 1119 3111 luitis
1211 3051 1303 3112 conari,

78 3137 136 3186 alta
150 3142 271 3201 temptare
292 3134 388 3190 Gertz:
416 3139 502 3186 conari
521 3139 578 3198 alta,
602 3142 722 3202 temptare
741 3136 823 3206 urslqo
949 3145 1029 3187 mente
1048 3138 1084 3203 (m
1104 3138 1195 3205 erasa)

50 3259 233 3349 'bquamque
302 3261 339 3339 ⁵li
363 3238 432 3326 uiiltu
546 3263 753 3327 comoediamque
776 3259 900 3332 Maduiq,
928 3260 1024 3315 Gertz:
1050 3278 1106 3312 cum
1131 3264 1230 3312 audiam
1255 3279 1304 3328 quo

160 3420 177 3474 8
197 3367 336 3487 presentises
338 3421 486 3492 (suprascr.
500 3437 534 3474 m.
549 3420 614 3490 rec.)
699 3423 714 3473 a
734 3424 810 3472 aliubi
825 3421 948 3476 Tarsia:
970 3424 1061 3472 alicubi
1130 3423 1234 3488 ¹tristior

79 3545 110 3599 10
130 3547 266 3597 animosior
284 3539 426 3599 Mrlretrrs:
454 3522 597 3596 animo¹cur
617 3546 652 3608 (itt
673 3547 796 3616 margins
814 3564 846 3599 m.
866 3563 920 3600 rec.
941 3549 1056 3613 animior)
1146 3549 1247 3597 sentia-s
1267 3547 1304 3614 (itt

77 3649 131 3688 ras.
157 3632 269 3711 uidetur
286 3652 311 3684 m
327 3632 428 3702 fuisse)
539 3636 569 3687 11
596 3637 676 3684 omnis
781 3637 813 3689 12
839 3653 891 3686 esse
915 3654 955 3687 me
979 3643 1062 3686 natum
1084 3636 1143 3697 cod.
1162 3654 1202 3686 me
1221 3643 1303 3686 natum

553 3734 572 3764 c.
584 3722 678 3762 donauit

79 3772 176 3846 nulqo‘
250 3775 282 3827 14
302 3777 405 3826 donauit
418 3775 520 3847 Neap:
543 3779 677 3829 dominauit
699 3777 736 3843 (in
756 3793 844 3855 (aurp.
865 3777 959 3831 eadem
977 3794 1059 3831 suarm
1079 3783 1103 3841 l,
1123 3794 1192 3846 quoe
1207 3793 1305 3848 supra-

79 3917 195 3986 scripsit,
214 3917 340 3971 t'terrttum
359 3935 380 3968 c.
401 3919 512 3983 donauit)
639 3921 716 3968 michi
736 3878 816 3968 omnis
925 3919 957 3971 15
983 3921 1098 3986 quicquid
1116 3866 1199 3971 habebo

80 4021 193 4072 spargam
213 4008 235 4074 (s
254 4005 357 4068 addita,
377 4023 394 4071 g
413 4022 452 4059 ex
471 4025 484 4057 c
504 4009 588 4073 corr.)
680 4007 713 4060 17
732 4010 842 4072 pondere
861 4008 899 4074 (its
918 4009 1042 4078 scorpius
1060 4026 1093 4064 m.
1114 4013 1165 4062 40.
1181 4009 1304 4074 pondero)

165 4167 320 4216 estimatione
430 4164 462 4218 18
480 4112 613 4231 nilluliia
633 4167 670 4233 (tit
689 4183 775 4237 rnarq.
794 4184 828 4219 m.
848 4172 864 4219 4
883 4184 905 4223 c.
919 4169 992 4234 nflq')
1101 4167 1134 4220 19
1153 4174 1302 4234 spectantes

164 4255 199 4309 20
218 4256 334 4321 quicquid
424 4254 456 4307 21
472 4259 622 4320 restinguere
712 4257 793 4307 aluus
884 4256 918 4308 22
937 4275 979 4306 ero
993 4257 1095 4309 anticus
1110 4254 1234 4310 Grtrlert':
1256 4275 1304 4323 ego

165 4341 200 4395 22
226 4345 344 4394 iocundus
364 4344 390 4410 (o
410 4345 493 4410 corr.)
591 4350 655 4413 post
673 4347 796 4393 exorabor
815 4360 920 4397 comma
934 4347 1030 4414 posuit
1049 4343 1146 4398 Gertz:
1174 4349 1304 4401 exorabor.

83 4429 136 4486 cod.
228 4431 261 4485 23
281 4448 378 4498 roger*
