3046 5092
364 329 585 372 CONTVMELlAM
604 332 751 374 ACCIPERE
770 332 952 378 SAPIENTEM.
972 335 1033 377 VIII.
1050 335 1088 374 lx.
1300 340 1342 402 25

95 484 232 550 scimus
264 486 401 539 mortem
440 478 558 541 malum
592 501 656 540 non
687 501 772 555 esse,
804 479 848 542 ob
880 479 942 542 hoc
971 501 1010 541 ne
1033 480 1173 542 iniuriam
1205 481 1344 561 quidem,

98 585 220 656 multo
237 584 352 646 [acilius
368 585 428 647 alia
443 586 655 661 tolerabimus,
680 589 805 663 damna,
830 586 966 662 dolores
982 586 1177 667 ignominias,
1201 587 1344 650 locorum

105 692 397 766 commutationes,
436 693 603 768 orbitates,
643 694 788 768 discidia,
831 715 911 774 quae
949 694 1141 775 sapientem,
1188 695 1282 755 etiam
1321 695 1346 756 si
1416 762 1418 768 k

111 801 263 865 uniuersa
290 800 550 875 circumueniant,
583 822 647 862 non
679 790 856 880 mergunt,
873 801 990 862 nedum
1023 809 1058 861 ut
1088 799 1128 862 ad
1152 799 1345 881 singulorum

118 905 257 988 inpulsus
289 916 437 968 maereat.
484 917 516 969 et
546 909 571 969 si
603 907 744 970 [ortunae
776 908 898 969 iniurias
931 906 1094 969 moderate
1123 906 1194 982 lert,
1225 916 1372 988 quantor

126 1012 222 1093 magis
243 1013 408 1074 hominum
432 1015 618 1095 potentium,
643 1008 724 1095 quos
747 1015 804 1077 scit
828 1014 972 1077 fortunae
995 1034 1106 1075 manus
1130 1018 1219 1076 esse?

106 1125 123 1175 t.
214 1119 264 1181 IX.
312 1118 430 1182 Omnia
453 1121 558 1201 itaque
582 1121 626 1183 sic
649 1123 765 1202 patitur
786 1130 819 1182 ut
842 1121 953 1183 hiemis
977 1121 1113 1201 rigorem
1138 1130 1170 1182 et
1194 1121 1345 1202 intempe-

136 1227 250 1288 rantiam
268 1227 353 1301 caeli,
378 1238 411 1289 ut
427 1228 566 1290 feruores
583 1228 778 1308 morbosque
802 1237 834 1289 et
858 1237 963 1290 cetera
986 1227 1067 1290 sorte
1083 1228 1264 1302 accidentia,
1289 1249 1348 1290 nec

140 1333 172 1394 de
192 1347 344 1415 quoquam
368 1342 434 1395 tam
458 1335 539 1396 bene
563 1336 686 1409 iudicat,
720 1344 754 1396 ut
785 1334 870 1396 illum
901 1336 1069 1415 quiequam
1103 1343 1193 1416 putet
1217 1333 1347 1397 consilio

142 1438 237 1514 secisse,
260 1441 348 1521 quod
371 1442 400 1501 in
425 1463 488 1502 uno
520 1442 661 1522 sapiente
692 1451 748 1503 est.
795 1442 926 1504 aliorum
958 1442 1100 1504 omnium
1123 1462 1187 1502 non
1211 1441 1347 1517 consilia,
1363 1455 1387 1495 10

144 1547 188 1606 sed
208 1546 324 1609 lraudes
355 1558 388 1609 et
418 1549 545 1610 insidiae
576 1557 608 1610 et
637 1559 743 1610 motus
775 1550 951 1610 animorum
982 1548 1132 1610 inconditi
1155 1558 1244 1623 sunt,
1267 1570 1347 1630 quos

146 1652 243 1714 casibus
270 1654 467 1716 adnumerat.
519 1676 614 1717 omne
642 1664 748 1717 autem
778 1655 941 1717 fortuitum
973 1656 1055 1717 circa
1084 1676 1143 1716 nos
1175 1657 1274 1717 saeuit
1305 1677 1347 1716 ex

117 1759 305 1822 aaduenticio.
346 1760 421 1822 illud
444 1783 571 1842 quoque
595 1763 723 1841 cogitat,
747 1761 923 1824 iniuriarum
941 1761 1089 1824 latissime
1113 1772 1223 1842 patere
1247 1771 1346 1824 mate-

147 1865 206 1927 riam
225 1869 251 1928 in
275 1868 340 1942 illis,
365 1889 422 1950 per
436 1889 517 1949 quae
533 1869 705 1949 periculum
722 1868 813 1930 nobis
829 1869 1005 1949 quaesitum
1023 1879 1079 1942 est,
1104 1877 1137 1930 ut
1161 1877 1344 1931 accusatore

147 1976 288 2037 summisso
312 1984 366 2036 aut
389 1976 604 2037 criminatione
634 1975 712 2036 salsa
742 1984 796 2037 aut
823 1976 953 2037 inritatis
984 1956 1016 2036 in
1046 1996 1104 2037 nos
1132 1977 1347 2055 potentiorum
1364 1989 1387 2028 ¹⁵

147 2079 215 2155 odiis,
235 2104 377 2163 quaeque
401 2082 460 2144 alia
483 2084 562 2144 inter
584 2090 714 2162 togatos
738 2081 899 2145 latrocinia
922 2091 1002 2144 sunt.
1048 2092 1096 2144 est
1113 2094 1145 2146 et
1169 2081 1220 2144 illa
1242 2082 1350 2144 iniuria

147 2181 274 2265 frequens,
299 2191 324 2251 si
340 2189 460 2251 lucrum
484 2189 573 2251 alicui
589 2210 756 2251 excussum
782 2200 830 2252 est
846 2200 900 2252 aut
916 2190 1090 2271 praemium
1108 2191 1160 2251 diu
1177 2198 1348 2270 captatum,

148 2291 165 2349 si
182 2314 286 2376 magno
311 2295 420 2358 labore
444 2296 602 2358 adfectata
624 2295 780 2358 hereditas
804 2317 915 2359 auersa
937 2307 985 2358 est
1009 2307 1041 2359 et
1056 2298 1267 2377 quaestuosae
1291 2298 1347 2359 do-

149 2417 202 2460 nus
221 2404 316 2482 gratia
340 2412 455 2484 erepta.
494 2403 575 2464 haec
601 2402 712 2483 effugit
743 2405 882 2484 sapiens,
913 2404 966 2484 qui
994 2403 1092 2464 nescit
1116 2424 1174 2465 nec
1204 2404 1235 2464 in
1258 2424 1348 2484 spem

124 2509 239 2570 :lnecin
269 2519 390 2572 metum
423 2511 535 2571 uiuere.
582 2510 671 2571 adice
703 2531 785 2571 nunc
812 2512 900 2591 quod
930 2511 1071 2572 iniuriam
1103 2530 1198 2571 nemo
1229 2511 1350 2572 inmota
1364 2521 1389 2562 20

150 2624 231 2677 mente
250 2618 370 2699 accipit,
394 2619 451 2679 sed
475 2610 665 2679 adsensum
689 2618 754 2678 eius
785 2617 993 2698 perturbatur.
1041 2625 1125 2678 caret
1149 2625 1255 2678 autem
1278 2637 1348 2697 per-

151 2718 300 2785 turbatione
328 2726 374 2784 uir
404 2732 535 2786 erectus.
583 2724 739 2786 erroribus
770 2723 953 2786 moderatur
981 2725 1044 2785 suis
1076 2722 1160 2785 altae
1183 2723 1294 2803 quietis
1318 2733 1350 2784 et

151 2821 272 2899 placidae.
319 2850 394 2892 nam
418 2831 444 2892 si
467 2833 569 2911 tangit
591 2829 677 2892 illum
702 2830 816 2905 iniuria,
841 2840 872 2893 et
896 2840 1005 2892 mouet
1037 2839 1068 2892 et
1091 2829 1216 2911 inpellit.
1264 2838 1350 2891 caret

153 2938 233 2996 autem
254 2938 299 2999 ira
322 2938 455 3018 sapiens,
479 2958 574 3018 quam
592 2939 710 3000 excitat
734 2937 859 2998 iniuriae
883 2938 1011 3018 species,
1036 2956 1095 2997 nec
1118 2935 1206 2998 aliter
1230 2943 1350 2997 careret

152 3033 184 3095 ira
202 3043 247 3103 nisi
271 3053 302 3106 et
328 3045 443 3119 iniuria,
466 3065 562 3125 quam
586 3045 644 3105 scit
664 3043 722 3105 sibi
738 3065 803 3105 non
826 3065 921 3126 posse
945 3043 1029 3105 lieri:
1056 3043 1129 3104 inde
1145 3053 1211 3104 tam
1228 3050 1350 3103 erectus
1364 3055 1391 3094 2⁵

152 3136 283 3231 laetusque
307 3160 363 3226 est,
387 3152 461 3213 inde
485 3152 634 3213 continuo
651 3152 769 3232 gaudio
793 3149 901 3213 elatus
947 3151 1030 3211 adeo
1054 3157 1160 3210 autem
1186 3150 1227 3210 ad
1251 3148 1348 3210 offen-

153 3244 230 3317 tiones
261 3257 365 3319 re'rum
402 3258 629 3338 hominumque
666 3279 730 3319 non
749 3256 967 3346 contrahitur,
1005 3265 1039 3319 ut
1074 3256 1141 3337 ipsa
1172 3255 1215 3317 illi
1245 3255 1352 3317 iniuria

154 3357 201 3418 usui
219 3363 260 3438 sit,
282 3384 340 3445 per
370 3385 465 3444 quam
497 3365 751 3445 experimentum
783 3365 830 3425 sui
858 3364 941 3445 capit
971 3372 1004 3426 et
1035 3364 1183 3425 uirtutem
1207 3371 1351 3445 temptat.

155 3511 338 3547 ἱχ-τᾼ

155 3596 251 3659 ldamna
270 3613 369 3661 dolores
382 3608 544 3664 Pincianus:
566 3613 658 3660 damna
676 3617 700 3661 et
713 3612 811 3661 dolores
882 3610 1012 3663 leircum
1030 3612 1129 3660 ueniant
1202 3609 1352 3673 bimpulsus

155 3720 221 3763 mereat
311 3718 327 3770 7
347 3720 443 3782 hyemis
533 3717 549 3771 8
569 3713 729 3783 necdeq⁰quit
823 3717 852 3768 l‘2
877 3719 1023 3767 adnumerat
1047 3713 1350 3791 deterioresyncnnullr':

156 3794 284 3855 adnumerant
380 3825 409 3856 ex
428 3808 568 3857 aduenticio
588 3804 678 3860 Koch:
700 3815 724 3856 et
743 3808 827 3855 inuitia
904 3803 1003 3874 .Conf.
1023 3804 1062 3859 ad
1080 3803 1168 3860 Marc.
1191 3808 1230 3867 tn,
1252 3805 1265 3856 1
1286 3804 1353 3868 quod

155 3883 203 3936 circa
216 3910 254 3944 nos
273 3914 301 3945 ex
321 3897 461 3945 aduentieio
480 3897 556 3960 fulget
612 3897 646 3962 (et
665 3898 689 3945 in
708 3896 767 3945 uilia
786 3892 911 3963 Madut'q)
982 3894 1014 3946 14
1038 3897 1063 3943 in
1083 3895 1131 3943 illis
1151 3891 1278 3961 Mcdnr‘q:
1305 3892 1352 3940 illis

223 4035 248 4088 lb
267 4039 365 4087 irritans
448 4038 478 4090 lb'
498 4039 563 4087 odiis
580 4035 710 4106 Maduc’q:
731 4039 805 4086 motis
883 3997 983 4086 latOcInia
1003 4038 1029 4103 (o
1043 4051 1076 4089 m.
1088 4041 1146 4104 pr.)
1228 4033 1259 4085 ,17
1279 4033 1353 4082 alicui

155 4109 230 4187 Nun:
249 4128 349 4176 alicuius
395 4135 399 4148 ²
458 4126 559 4176 excussi
577 4142 630 4179 non
651 4143 775 4176 excessum
794 4123 854 4180 cod.
946 4126 979 4178 22
999 4126 1064 4174 altae
1082 4125 1169 4190 quietis
1188 4129 1211 4172 et
1230 4122 1351 4187 placidae,

154 4215 206 4269 cuae
221 4215 354 4284 tenprurur't
368 4213 458 4277 Gertz,
478 4213 665 4281 defenduntur
671 4213 760 4291 ‘slmili
771 4214 830 4267 loco
843 4212 882 4266 cd
894 4211 1020 4268 Helm’am
1034 4219 1058 4279 5,
1073 4217 1087 4264 5
1107 4213 1224 4287 inuictum
1243 4212 1351 4259 animum

156 4298 203 4346 tenet
213 4306 346 4368 exploratae
359 4306 408 4353 iam
423 4305 543 4353 firmitatis
551 4320 558 4361 ;
573 4305 635 4373 ipsa
648 4308 738 4358 aulem
752 4301 889 4356 conclusio
900 4300 987 4370 facilc
998 4298 1141 4370 suppletur
1211 4300 1244 4352 23
1258 4300 1352 4363 inpellit

525 4403 549 4429 re

154 4429 280 4498 Bentler‘us:
308 4447 402 4512 inpedit
497 4452 563 4495 caret
664 4447 698 4499 25)
725 4462 774 4494 non
793 4461 865 4510 posse
889 4446 941 4494 fieri
960 4441 1057 4513 uulpo:
1084 4459 1157 4508 posse
1175 4442 1191 4491 fi
1210 4443 1262 4491 lieri
