3046 5092
156 341 194 400 18
433 334 505 376 DlAL
524 336 553 380 ll.
574 337 614 376 AD
635 335 777 376 SERENVM
797 335 859 395 NEC·
877 334 1018 376 1NIVR1nM
1038 335 1098 376 NEC

77 512 80 517 ·
153 483 303 543 comitem
334 503 368 543 se
399 483 451 542 diu
475 491 669 543 sustentatae
700 482 806 542 ruinae
837 481 926 542 dedit
954 480 1110 561 simulque
1138 481 1282 542 extincta
1309 490 1379 543 sunt

152 609 233 668 quae
263 587 350 649 nefas
381 597 448 649 erat
481 589 584 649 diuidi.
630 607 732 670 neque
763 587 846 647 enim
872 585 952 648 Cato
983 596 1058 667 post
1089 586 1270 648 libertatem
1302 588 1379 648 uixit

151 716 210 756 nec
233 693 360 756 libertas
383 705 459 775 post
484 694 648 756 Catonem.
703 693 774 754 huic
805 703 838 754 tu
869 702 962 773 putas
985 693 1125 754 iniuriam
1148 692 1215 754 fieri
1238 694 1405 774 potuisset

152 823 171 862 a
201 801 339 883 populu,
370 803 458 881 quod
490 810 544 862 aut
575 811 753 880 praeturam
787 798 828 860 illi
860 801 999 861 detraxit
1020 809 1089 862 ¹aut
1120 802 1253 880 togam?
1294 800 1379 880 quod

126 928 276 969 ssacrum
308 907 382 969 illud
414 918 508 987 caput
538 908 754 988 purgamentis
778 907 839 967 oris
868 907 1044 986 adspersit?
1075 914 1161 967 tutus
1184 916 1233 967 est
1258 907 1379 987 sapiens

153 1035 211 1075 nec
235 1014 296 1075 ulla
320 1014 412 1075 adfici
437 1024 490 1074 aut
514 1015 620 1075 iniuria
643 1023 696 1074 aut
720 1011 911 1073 contumelia
933 1021 1048 1092 potest.

241 1121 292 1183 ΙΙΙ.
324 1120 446 1202 Videor
477 1120 551 1181 mihi
583 1121 692 1181 intueri
723 1121 861 1180 animum
895 1128 984 1179 tuum
1023 1120 1184 1180 incensum
1223 1127 1257 1181 et
1290 1119 1405 1188 effer-1

153 1238 343 1289 uescentem.
381 1247 474 1308 paras
498 1226 693 1288 adclamare:
734 1226 813 1286 haec
844 1235 916 1286 sunt
939 1245 1020 1305 quae
1043 1225 1267 1287 auctoritatem
1291 1246 1379 1306 prae-

153 1335 252 1415 ceptis
283 1334 394 1395 uestris
434 1333 608 1395 detrahant.
656 1353 772 1412 magna
810 1332 992 1412 promittitis
1031 1341 1063 1393 et
1094 1323 1175 1411 quae
1206 1352 1247 1392 ne
1279 1330 1372 1412 optar

116 1458 139 1496 ¹0
154 1422 299 1521 quidem,
330 1442 448 1501 nedum
479 1441 564 1502 credi
594 1440 724 1521 possint.
771 1439 887 1500 deinde
918 1418 1056 1517 ingentia
1087 1438 1183 1499 locuti
1207 1459 1281 1499 cum
1304 1459 1379 1520 pau-

153 1568 263 1629 perem
286 1547 425 1627 negastis
449 1567 518 1608 esse
541 1547 733 1627 sapientem,
764 1565 828 1606 non
859 1546 981 1624 negatis
1009 1545 1111 1606 solere
1133 1544 1174 1606 illi
1198 1553 1230 1606 et
1254 1564 1380 1606 seruum

154 1664 187 1716 et
209 1663 329 1716 tectum
353 1662 385 1715 et
408 1653 513 1715 cibum
538 1654 658 1714 deesse.
694 1672 766 1713 cum
790 1653 963 1732 sapientem
988 1652 1126 1731 negastis
1150 1651 1293 1726 insanire,
1317 1671 1380 1713 non

154 1762 277 1842 negatis
301 1771 333 1823 et
356 1760 482 1822 alienari
514 1769 544 1821 et
576 1780 686 1840 parum
711 1778 788 1819 sana
816 1759 913 1819 uerba
936 1759 1080 1819 emittere
1103 1766 1136 1819 et
1159 1758 1312 1837 quidquid
1337 1759 1381 1818 uis

155 1867 259 1930 morbi
284 1869 369 1947 cogit
393 1869 518 1929 audere.
565 1887 637 1927 cum
661 1866 835 1947 sapientem
860 1866 997 1944 negastis
1021 1883 1147 1924 seruum
1172 1883 1255 1937 esse,
1288 1863 1380 1925 iidem

117 1990 139 2028 ¹5
155 1996 219 2036 non
241 1975 290 2036 itis
314 1973 425 2037 infitias
449 1984 480 2035 et
504 1974 680 2035 ueniturum
704 1981 737 2034 et
759 1973 913 2052 imperata
933 1969 1087 2031 iacturum
1111 1978 1143 2030 et
1166 1970 1300 2031 domino
1324 1991 1380 2032 suo

155 2079 276 2141 seruilia
312 2089 544 2160 praestaturum
584 2080 758 2140 ministeria.
812 2080 855 2139 ita
890 2077 1015 2138 sublato
1054 2076 1117 2137 alte
1147 2076 1314 2157 supercilio
1352 2078 1381 2137 in

154 2189 268 2248 eadem
292 2207 372 2267 quae
397 2188 492 2247 ceteri
516 2186 704 2246 descenditis
727 2186 857 2266 mutatis
886 2204 989 2244 rerum
1012 2182 1199 2243 nominibus
1238 2182 1303 2244 tale
1325 2184 1405 2250 ita-2

154 2314 216 2374 que
240 2293 354 2372 aliquid
377 2301 410 2354 et
433 2293 463 2353 in
487 2292 550 2353 hoc
573 2311 642 2353 esse
665 2292 814 2372 suspicor,
847 2291 935 2370 quod
963 2291 1064 2370 prima
1087 2289 1191 2369 specie
1215 2288 1380 2368 pulchrum

155 2409 249 2480 atque
274 2399 475 2480 magnificum
500 2407 563 2473 est,
595 2418 652 2459 nec
675 2399 816 2459 iniuriam
847 2417 906 2457 nec
929 2394 1152 2457 contumeliam
1177 2404 1381 2476 accepturum

115 2520 140 2558 ‘20
156 2526 233 2584 esse,
248 2507 432 2587 sapientem.
479 2503 612 2566 multum
641 2513 747 2565 autem
771 2505 918 2576 interest,
949 2511 1053 2564 utrum
1085 2501 1261 2583 sapientem
1291 2510 1382 2563 extra

155 2613 403 2693 indignationem
426 2632 467 2672 an
491 2620 583 2673 extra
606 2611 745 2672 iniuriam
769 2630 879 2690 ponas
923 2628 997 2671 nam
1021 2609 1045 2669 si
1069 2608 1144 2668 dicis
1169 2606 1254 2668 illum
1278 2629 1381 2689 aequo

155 2720 260 2780 animo
285 2719 428 2793 laturum,
453 2718 572 2780 nullum
595 2717 694 2779 habet
716 2716 921 2797 priuilegium.
954 2715 1084 2795 contigit
1107 2713 1147 2797 illi
1170 2734 1220 2774 res
1244 2714 1381 2794 uolgaris

155 2836 187 2886 et
210 2846 290 2906 quae
322 2826 450 2887 discitur
480 2827 547 2906 ipsa
579 2825 757 2886 iniuriarum
789 2823 991 2896 adsiduitate,
1022 2821 1180 2902 patientia.
1227 2821 1252 2881 si
1283 2841 1381 2901 negas

155 2941 359 3013 accepturum
393 2933 549 3006 iniuriam,
587 2933 619 2992 id
644 2924 706 2992 'est
744 2930 903 2990 neminem
938 2927 979 2989 illi
1009 2935 1238 3008 temptaturum
1270 2926 1381 3002 facere,

116 3049 141 3089 2⁵
157 3037 303 3100 omnibus
334 3038 448 3101 relictis
479 3039 613 3119 negotiis
644 3036 769 3119 Stoicus
800 3035 851 3100 fio,
905 3055 967 3115 ego
1001 3053 1077 3096 uero
1093 3029 1284 3115 'sapientem
1317 3048 1405 3100 non}

155 3146 339 3226 imaginario
369 3145 685 3215 honoreuerborum
709 3162 866 3204 exornare
889 3141 1050 3215 constitui,
1082 3142 1139 3201 sed
1163 3160 1202 3201 eo
1227 3140 1301 3202 loco
1324 3161 1380 3222 po·

155 3271 244 3325 nere,
276 3271 340 3331 quo
373 3251 456 3312 nulla
487 3252 686 3332 permittatur
715 3250 831 3314 iniuria.
876 3248 952 3328 quid
984 3250 1081 3327 ergo?
1112 3266 1208 3306 nemo
1241 3247 1299 3308 erit
1331 3247 1381 3327 qui

155 3356 303 3431 lacessat,
342 3357 395 3436 qui
427 3361 581 3437 temptet?
625 3355 700 3417 nihil
731 3356 761 3416 in
793 3375 896 3416 rerum
929 3364 1041 3415 natura
1070 3361 1137 3413 tam
1168 3372 1294 3414 sacrum
1325 3361 1380 3428 est,

155 3463 243 3543 quod
267 3464 452 3543 sacrilegum
470 3484 533 3524 non
549 3464 693 3537 inueniat,
717 3463 774 3523 sed
790 3482 855 3522 non
877 3461 949 3522 ideo
967 3461 1070 3521 diuina
1087 3459 1188 3520 minus
1211 3460 1242 3519 in
1258 3459 1382 3520 sublimi

117 3581 142 3620 ³0
157 3578 237 3643 sunt,
262 3570 287 3630 si
311 3570 451 3630 existunt
475 3570 527 3650 qui
551 3569 800 3649 magnitudinem
823 3567 957 3629 multum
988 3567 1069 3627 ultra
1098 3566 1293 3646 sepositam
1318 3585 1381 3627 non

157 3676 269 3737 tacturi
300 3677 461 3757 adpetant.
515 3674 738 3737 inuolnerabile
770 3684 818 3736 est
848 3694 912 3735 non
943 3675 1031 3753 quod
1062 3693 1125 3732 non
1164 3671 1286 3746 feritur,
1325 3673 1381 3734 sed

156 3783 243 3862 quod
282 3803 346 3843 non
388 3782 528 3844 laeditur.
589 3803 631 3843 ex
673 3782 733 3844 hac
775 3780 831 3842 tibi
874 3789 951 3841 nota
995 3781 1170 3861 sapientem
1210 3778 1380 3840 exhibebo,

193 3961 217 4012 .i.
251 3959 304 4008 dita

156 4032 172 4082 2
192 3975 306 4081 inditate
326 4029 535 4099 (suprascripsit
552 4045 586 4083 m.
606 4029 672 4096 reu)
764 4030 778 4079 ῑι
799 4029 886 4094 spersir
906 4026 932 4092 (a
950 4030 1013 4079 aute
1032 4043 1042 4074 s
1061 4023 1169 4078 addidit
1187 4026 1263 4079 nulio
1283 4042 1382 4079 uersus

156 4137 188 4171 ui.
203 4118 261 4185 alt.)
353 4120 454 4170 tiaffici
545 4118 657 4170 Tmichi
746 4117 939 4169 &acelamare
1018 4115 1050 4166 l2
1070 4121 1127 4164 ÷et
1140 4121 1229 4164 tectum
1243 4116 1282 4182 (iu
1295 4131 1381 4186 uturp.

1298 4197 1304 4226 i

156 4260 189 4294 lu.
208 4259 261 4296 rec.
281 4244 326 4295 -r-l.
346 4242 446 4307 uestitu)
549 4243 579 4294 13
599 4244 715 4306 quicquid
788 4241 819 4292 ll
841 4243 929 4313 audere
954 4243 1027 4303 (unte
1045 4257 1060 4288 a
1079 4239 1147 4304 ras.)
1240 4240 1272 4291 li)
1293 4206 1383 4289 irilitias

245 4333 279 4384 ‘2⁴2
299 4332 405 4396 uulgaris
487 4331 520 4383 23
541 4332 681 4381 assiduitate
747 4330 798 4396 Ι28
818 4330 930 4405 lacessiat
1014 4329 1089 4377 nichil
1174 4327 1208 4380 30
1227 4346 1276 4377 non
1296 4331 1382 4378 tacturi

157 4435 308 4490 Rubenius:
329 4439 440 4489 riaacturi
537 4438 567 4490 ‘dl
591 4446 705 4502 appetant
798 4438 973 4486 inuulnerabile
