3046 5092
225 329 289 391 204
402 322 482 365 DIAL.
497 321 537 365 lx.
565 322 607 363 AD
622 320 764 363 SERENVM
779 309 820 360 DE
833 319 1100 371 TRANQVILLITATE
1113 319 1218 365 ANIMI..
1241 321 1261 362 Ἰ.

224 467 380 530 honorem
419 467 664 546 intemperantes
701 466 770 528 sint.
818 466 912 526 deme
946 464 1005 526 illis
1039 473 1137 526 testes
1168 468 1448 548 spectatoresque:

225 594 288 635 non
320 572 490 635 delectabit
513 573 630 653 popina
653 579 782 633 secreta
828 571 1092 632 considerandum
1116 580 1180 645 est,
1211 578 1317 633 utrum
1340 579 1452 634 natura

224 689 279 742 tua
309 679 440 760 agendis
471 679 566 740 rebus
596 698 636 738 an
667 677 771 739 otioso
802 676 906 738 studio
930 676 1252 758 contemplationique
1276 678 1380 759 aptior
1402 681 1451 752 sit,
1512 744 1519 757 Ι

225 796 257 849 et
287 807 326 848 eo
356 765 585 860 inclinandum,
616 804 680 864 quo
711 792 743 844 te
766 784 812 845 uis
835 783 949 862 ingenii
971 782 1064 846 feret.¹
1104 782 1259 846 Isocrates
1283 782 1452 864 Ephorum

198 892 337 955 siniecta
367 912 463 953 manu
486 911 505 952 a
528 890 598 952 loro
627 889 780 952 subduxit
810 889 966 951 utiliorem
995 890 1213 970 conponendis
1237 891 1452 952 monumentis

223 996 422 1060 historiarum
446 1000 539 1059 iatus.
572 997 654 1059 male
675 997 757 1058 enim
775 997 969 1076 respondent
984 1005 1096 1071 coacta
1110 987 1249 1076 ingenia:
1277 994 1452 1058 reluctante

224 1113 336 1167 natura
365 1104 474 1166 inritus
504 1102 595 1165 labor
618 1112 674 1179 est„
720 1101 794 1165 nihil
816 1111 925 1164 tamen
948 1122 1048 1182 aeque
1071 1101 1278 1165 oblectauerit
1300 1104 1486 1179 animum,3

224 1223 320 1290 quam
350 1210 486 1272 amicitia
515 1209 614 1271 fidelis
645 1218 678 1271 et
708 1208 814 1271 dulcis.
860 1217 1013 1290 quantum
1043 1208 1164 1270 bonum
1188 1217 1253 1283 est,
1283 1208 1338 1270 ubi
1360 1229 1452 1290 prae-

224 1325 334 1397 parata
371 1325 444 1378 sunt
482 1323 629 1398 pectora,
649 1316 698 1393 ¹in
736 1335 817 1397 quae
852 1324 922 1377 tuto
952 1323 1110 1377 secretum
1140 1335 1236 1377 omne
1267 1315 1452 1391 descendat,

187 1447 210 1486 ro
224 1443 359 1504 quorum
390 1423 614 1485 conscientiam
644 1421 746 1483 minus
776 1442 872 1503 quam
903 1430 991 1483 tuam
1022 1421 1150 1497 timeas,
1180 1441 1316 1503 quorum
1344 1441 1453 1484 sermo

223 1528 464 1593 sollicitudinem
480 1529 583 1603 leniat,
606 1529 761 1591 sententia
777 1527 939 1590 consilium
956 1528 1116 1609 expediat,
1140 1527 1276 1590 hilaritas
1291 1528 1452 1591 tristitiam

131 1618 134 1623 ⁸
224 1635 369 1716 dissipet,
400 1644 588 1716 conspectus
611 1635 678 1716 ipse
703 1635 857 1697 delectet!
890 1654 971 1716 quos
993 1633 1110 1696 scilicet
1133 1654 1266 1709 uacuos,
1295 1643 1452 1716 quantum

223 1741 290 1804 fieri
320 1742 452 1822 poterit,
484 1762 503 1803 a
533 1741 754 1822 cupiditatibus
784 1740 945 1822 eligemus.
989 1748 1121 1821 serpunt
1150 1742 1233 1803 enim
1266 1741 1341 1803 uitia
1364 1750 1397 1804 et
1420 1741 1453 1803 in

224 1849 408 1928 proximum
438 1867 598 1929 quemque
626 1847 800 1909 transiliunt
830 1856 863 1909 et
892 1856 1040 1910 contactu
1062 1854 1187 1910 nocent
1232 1847 1339 1928 itaque
1362 1849 1486 1917 utint

188 1979 210 2018 rs
224 1954 401 2035 pestilentia
431 1955 604 2016 curandum
635 1961 699 2028 est,
730 1974 770 2015 ne
801 1954 965 2034 correptis.
984 1956 1047 2016 iam
1070 1953 1256 2034 corporibus
1278 1962 1312 2015 et
1325 1954 1453 2024 morbo

159 2111 162 2114 .
225 2059 429 2140 flagrantibus
460 2061 677 2135 adsideamus,
707 2061 780 2142 quia
809 2060 947 2142 pericula
976 2059 1137 2122 trahemus
1167 2060 1351 2140 adflatuque
1380 2060 1454 2141 ipso

93 2184 97 2192 ·
205 2165 457 2228 laborabimus:
491 2167 535 2230 ita
564 2167 595 2228 in
626 2167 800 2229 amicorum
823 2167 966 2248 legendis
988 2166 1118 2247 ingeniis
1142 2167 1287 2229 dabimus
1309 2186 1455 2247 operam,

141 2266 144 2270 ’
226 2281 261 2333 ut
283 2293 379 2354 quam
404 2273 531 2335 minime
554 2273 731 2356 inquinatos
753 2275 973 2336 adsumamus:
1006 2273 1126 2336 initium
1149 2272 1254 2336 morbi
1277 2281 1327 2335 est
1349 2273 1455 2354 aegris

226 2399 303 2441 sana
326 2379 463 2441 miscere.
509 2400 568 2441 nec
590 2379 652 2442 hoc
674 2381 889 2461 praeceperim
913 2380 982 2456 tibi,
1008 2390 1043 2444 ut
1065 2380 1224 2442 neminem
1246 2379 1305 2442 nisi
1326 2379 1454 2460 sapien-

186 2510 212 2550 ·20
226 2494 292 2547 tem
323 2485 462 2567 sequaris
493 2495 548 2548 aut
577 2471 753 2550 adtrahas'
780 2487 834 2550 ubi
864 2487 947 2548 enim
977 2478 1072 2549 istum
1099 2486 1253 2561 inuenies,
1282 2505 1380 2567 quem
1404 2493 1455 2547 tot

226 2589 337 2653 seculis
368 2592 566 2672 quaerimus?
598 2613 657 2672 pro
687 2594 810 2673 optimo
841 2595 880 2655 sit
904 2593 1031 2655 minime
1055 2591 1164 2654 malus,
1210 2591 1265 2653 uix
1287 2591 1346 2654 tibi
1369 2600 1487 2657 essetb

227 2695 357 2761 facultas
392 2696 523 2760 dilectus
553 2697 712 2773 feliciore,
747 2699 774 2760 si
804 2700 883 2761 inter
913 2697 1063 2761 Platonas
1092 2708 1126 2761 et
1156 2697 1392 2779 Xenophontas
1421 2704 1455 2759 et

226 2801 311 2864 illum
328 2802 480 2866 Socratici
502 2804 583 2867 letus
605 2814 795 2886 prouentum
819 2805 924 2867 bonos
947 2823 1123 2886 quaereres
1146 2812 1200 2866 aut
1222 2804 1249 2866 si
1267 2803 1325 2866 tibi
1344 2811 1453 2884 potes-

227 2917 276 2970 tas
308 2908 501 2972 Catonianae
535 2910 625 2973 fieret
655 2913 782 2988 aetatiS,
821 2932 903 2994 quae
931 2911 1099 2993 plerosque
1131 2911 1246 2991 dignos
1275 2909 1363 2986 tulit,
1402 2911 1455 2991 qui

187 3041 213 3081 25
229 3015 357 3078 Catonis
387 3016 494 3079 seculo
525 3027 727 3080 nascerentur
759 3019 849 3094 (sicut
879 3017 997 3080 multos
1027 3018 1150 3099 peiores
1180 3036 1277 3097 quam
1301 3037 1453 3099 umquam

227 3121 301 3183 alias
325 3124 601 3204 maximorumque
624 3124 788 3187 molitores
810 3124 973 3187 scelerum.
1004 3134 1137 3205 utraque
1160 3123 1244 3186 enim
1264 3123 1359 3185 turba
1373 3142 1455 3204 opus

227 3237 310 3304 erat,
341 3238 376 3291 ut
400 3229 482 3292 Cato
512 3240 623 3311 posset
653 3231 798 3312 intellegi.
845 3230 963 3294 habere
993 3231 1102 3294 debuit
1133 3240 1166 3293 et
1188 3229 1309 3306 bonos,
1340 3229 1454 3311 quibus

227 3353 262 3394 se
285 3334 495 3414 adprobaret,
526 3345 558 3399 et
581 3336 698 3412 malm,
716 3324 759 3399 in
782 3337 895 3417 quibus
909 3338 981 3401 ,uim
1006 3333 1345 3418 suamfexperireturl:
1371 3347 1484 3400 nuncss

228 3449 304 3500 uero
328 3441 358 3500 in
379 3450 468 3504 tanta
484 3441 642 3505 bonorum
658 3452 802 3524 egestate
818 3445 919 3505 minus
934 3443 1098 3506 fastidiosa
1112 3441 1168 3505 fiat
1182 3441 1304 3503 electio.
1334 3441 1452 3522 praeci-

188 3570 214 3609 n
228 3565 291 3625 pue
313 3554 422 3608 tamen
445 3548 582 3611 uitentur
604 3550 709 3612 tristes
732 3558 766 3612 et
788 3551 896 3612 omnia
918 3549 1131 3630 deplorantes,
1153 3547 1267 3630 quibus
1280 3540 1377 3610 'nulla
1390 3567 1453 3610 non

229 3808 247 3861 2
259 3806 344 3862 uerba
357 3810 562 3861 considerandum
576 3817 611 3862 est
624 3841 658 3850 -
670 3810 687 3864 7
700 3813 772 3862 labor
785 3821 818 3861 est
830 3808 874 3864 liic
886 3809 977 3866 aliena
990 3825 1048 3864 esse
1060 3808 1130 3863 uidit
1139 3808 1232 3864 Haase
1244 3814 1271 3864 el
1282 3817 1346 3865 ante
1358 3825 1452 3861 necesse

229 3905 264 3950 est
284 3911 306 3952 c.
321 3901 345 3963 6,
360 3901 383 3962 2,
393 3913 423 3968 p.
437 3901 498 3963 203,
512 3903 527 3951 6
540 3899 644 3969 posuit,
664 3897 746 3954 Gertz
759 3907 826 3969 post
844 3901 964 3966 oppressit
983 3900 1068 3949 officio
1079 3914 1107 3968 p.
1121 3901 1181 3960 203,
1195 3902 1210 3951 9
1300 3898 1317 3951 4
1335 3901 1453 3950 Isocrates

160 3989 164 3996 '
229 3988 359 4053 Ephorum
378 3988 467 4037 iniecta
486 3986 549 4041 olim
568 4004 656 4045 corn:
677 3990 792 4040 Socrates
810 3990 913 4054 sephon
925 3989 989 4039 lecta
1060 3985 1077 4039 8
1100 3994 1231 4052 preparata
1248 3993 1304 4038 sunt
1323 3985 1384 4043 cod.
1402 3991 1452 4037 sunt

230 4081 377 4142 praeparata
389 4073 473 4146 uulgo
559 4076 591 4129 14
608 4083 633 4127 ut
647 4074 674 4130 Ε
678 4079 704 4127 ⁸:
725 4084 750 4127 ut
762 4078 829 4142 quod
915 4075 947 4129 15
959 4077 1125 4141 neccorreplis
1138 4074 1234 4145 (prior
1246 4092 1260 4125 c
1273 4073 1373 4142 deleta)

232 4190 265 4243 16
285 4192 394 4258 afflatuq;
415 4191 504 4262 (prior
522 4193 534 4241 s
549 4193 633 4259 corr.)
712 4186 788 4245 17t1t
807 4184 884 4257 opar'h
974 4189 1008 4243 20
1027 4191 1143 4240 adtrahas
1163 4191 1190 4256 (d
1208 4204 1281 4246 corr.
1300 4189 1329 4243 t'n
1348 4192 1367 4256 t)

1029 4289 1048 4317 C.
1060 4285 1123 4318 cetus

232 4335 303 4384 istum
316 4333 478 4409 deteriores:
499 4335 563 4384 istud
652 4335 684 4390 21
705 4335 736 4387 sit
751 4331 846 4391 Gema
867 4344 904 4389 est
993 4331 1027 4390 23
1046 4333 1107 4382 setus
1126 4338 1277 4408 (suprascr.
1291 4348 1326 4388 m.
1341 4334 1368 4404 4)

233 4421 267 4474 29
286 4430 393 4492 egestate
