3060 5078
298 316 376 358 oras.
391 298 429 358 vi,
457 315 499 355 nb
514 314 657 356 naucum
671 314 712 354 oa
726 313 969 356 consonatione.
999 317 1033 358 is.
1048 317 1081 358 ts.
1240 321 1300 382 153

76 471 132 526 aut
153 464 255 525 inuiae
278 462 375 524 ualles
398 471 452 524 aut
476 462 663 523 incertarum
680 461 762 522 uada
777 458 938 540 Syrtium:
966 461 1072 523 omnia
1087 445 1195 522 ineunt
1210 460 1303 542 plana

77 579 110 631 et
135 589 177 630 ex
201 568 281 631 facili
305 568 438 631 mobiles
463 578 495 631 et
515 567 655 650 expediti
671 577 704 630 et
718 568 850 629 inuicem
867 567 965 648 peruii
981 577 1053 629 sunt
1068 569 1303 649 intermixtique

78 676 240 739 sideribus.

39 789 53 840 1
166 783 287 845 XXVI.
326 783 405 844 Puta
428 783 532 864 itaque
555 804 596 843 ex
621 780 671 843 illa
694 802 765 843 arce
781 781 907 843 caelesti
922 789 1045 863 patrem
1061 790 1160 857 tuum,
1175 782 1302 858 Marcia,

79 890 132 970 [ct]
158 889 206 951 cui
229 897 353 952 tantum
377 891 461 970 apud
484 898 517 951 te
540 889 736 951 auctoritatis
759 897 836 963 erat,
859 896 1012 970 quantum
1036 888 1091 949 tibi
1107 888 1190 968 apud
1206 888 1330 950 filiums

76 1006 175 1071 tuum,
198 1016 263 1056 non
286 996 339 1057 illo
361 996 496 1076 ingeni0,
520 1016 584 1077 quo
608 995 706 1058 ciuilia
729 994 812 1056 bella
835 994 972 1070 defleuit,
996 1015 1060 1075 quo
1080 995 1303 1076 proscribentis

76 1103 107 1164 in
138 1112 301 1164 aeternum
332 1104 398 1184 ipse
421 1104 619 1185 proscripsit,
650 1103 708 1164 sed
731 1110 822 1164 tanto
846 1100 991 1176 elatiore,
1023 1112 1143 1183 quanto
1167 1111 1215 1164 est
1237 1103 1303 1184 ipse

37 1208 257 1283 qublimior‚
289 1210 407 1271 dicere:
442 1218 568 1284 curte,
599 1208 677 1283 iilia,
707 1219 773 1270 tam
796 1206 894 1286 longa
915 1216 1001 1270 tenet
1024 1209 1210 1289 aegritudo?
1250 1230 1304 1270 cur

75 1315 106 1375 in
137 1323 226 1377 tanta
255 1315 319 1378 ueri
350 1317 548 1397 ignoratione
571 1317 719 1389 uersutis,
750 1325 785 1377 ut
808 1316 911 1397 inique
934 1323 1041 1377 actum
1064 1336 1136 1377 cum
1160 1314 1224 1377 filio
1247 1314 1303 1376 trio

74 1421 208 1498 iudices,
239 1424 327 1504 quod
356 1423 480 1503 integro
511 1424 627 1485 domus
658 1432 757 1496 statu,
792 1423 914 1503 integer
945 1423 1010 1504 ipse
1041 1443 1076 1484 se
1103 1423 1145 1484 ad
1168 1424 1304 1484 maiores
1320 1436 1344 1476 ¹⁰

75 1528 194 1609 recepit
229 1532 324 1590 suos?
363 1529 463 1591 nescis
495 1530 619 1609 quantis
654 1527 780 1590 fortuna
815 1528 959 1610 procellis
991 1528 1147 1591 disturbet
1177 1530 1303 1591 omnia?

26 1653 30 1657 ·
74 1655 171 1716 quam
194 1634 285 1697 nullis
308 1635 478 1715 benignam
502 1634 689 1719 facilemque
712 1656 747 1697 se
770 1636 968 1717 praestiterit,
992 1636 1048 1696 nisi
1072 1636 1124 1717 qui
1140 1637 1303 1697 minimum

75 1762 149 1804 cum
179 1741 232 1803 illa
262 1746 506 1807 contraxerant?
539 1763 671 1823 regesne
695 1742 750 1804 tibi
774 1743 935 1804 nominem
960 1741 1152 1804 felicissimos
1175 1741 1304 1817 futuros,
1379 1721 1381 1725 1

74 1851 100 1910 si
125 1849 276 1912 maturius
298 1847 368 1910 illos
391 1863 477 1911 mors
500 1849 686 1911 instantibus
709 1848 918 1911 subtraxisset
942 1847 1051 1910 malis?
1075 1869 1115 1909 an
1138 1849 1316 1917 Romanos,

74 1954 181 2030 duces,
205 1976 339 2037 quorum
363 1956 436 2018 nihil
460 1956 667 2036 magnitudini
691 1941 799 2030 deerit,
822 1956 847 2016 si
863 1953 978 2035 aliquid
995 1956 1090 2016 aetati
1106 1955 1302 2016 detraxeris?
1321 1968 1343 2007 ¹⁵

74 2081 116 2122 an
147 2060 358 2124 nobilissimos
388 2063 472 2123 uiros
496 2061 748 2142 clarissimosque
772 2062 811 2134 ad
836 2062 932 2123 ictum
957 2061 1095 2123 militaris
1120 2061 1205 2141 gladi
1229 2082 1300 2123 con-

35 2176 53 2227 3
74 2168 181 2250 posita
204 2169 324 2230 ceruice
347 2169 510 2231 firmatos?
542 2169 660 2251 respice
684 2179 808 2251 patrem
832 2178 927 2250 atque
950 2189 1045 2231 auum
1068 2177 1174 2230 tuum:
1201 2169 1250 2230 ille
1274 2170 1304 2230 in

73 2273 166 2336 alieni
196 2276 387 2356 percussoris
419 2278 503 2338 uenit
533 2274 704 2342 arbitrium.
752 2297 814 2356 ego
834 2275 911 2337 'nihii
935 2276 965 2336 in
990 2297 1042 2337 me
1065 2276 1209 2358 cuiquam
1233 2297 1302 2357 per-

74 2381 145 2442 misi
181 2389 214 2442 et
246 2382 317 2443 cibo
353 2381 529 2463 prohibitus
560 2383 686 2444 ostendi
717 2391 782 2443 tam
814 2403 931 2463 magno
963 2403 1015 2444 me
1046 2403 1141 2463 quam
1173 2383 1304 2445 uidebar

73 2488 182 2550 animo
213 2489 380 2570 scripsisse.
426 2509 480 2550 cur
511 2489 541 2550 in
564 2490 665 2551 domo
687 2498 797 2551 nostra
821 2490 994 2551 diutissime
1016 2489 1140 2569 lugetur
1162 2490 1215 2570 qui
1238 2487 1302 2550 seli·
1317 2499 1343 2538 ²⁰

74 2596 200 2658 cissime
230 2597 381 2657 moritur?
420 2596 541 2658 coimus
572 2616 683 2658 omnes
719 2597 750 2657 in
780 2617 877 2657 unum
910 2597 1116 2676 uidemusque
1146 2616 1210 2657 non
1241 2595 1305 2658 alta

75 2711 171 2764 nocte
194 2701 394 2776 circumdati,
417 2701 458 2763 nil
482 2704 567 2784 apud
591 2723 665 2777 uos,
689 2711 724 2763 ut
746 2704 871 2783 putatis
895 2701 1044 2784 optabile,
1067 2702 1108 2763 nil
1131 2702 1303 2777 excelsum,

76 2806 119 2868 nil
140 2807 357 2889 splendidum,
389 2809 445 2870 sed
474 2807 600 2871 humilia
624 2818 736 2871 cuncta
759 2818 791 2872 et
814 2810 923 2890 grauia
946 2818 976 2870 et
1000 2810 1094 2870 anxia
1117 2817 1149 2870 et
1171 2817 1302 2889 quotam

45 2917 61 2970 4
80 2923 202 2994 partem
225 2914 350 2978 luminis
373 2916 673 2983 nostricementia?
696 2917 772 2998 quid
796 2917 899 2978 dicam
923 2913 1005 2976 nulla
1020 2914 1070 2976 hic
1086 2936 1173 2977 arma
1190 2917 1303 2978 mutuis

80 3018 178 3082 furere
209 3022 410 3084 concursibus
441 3043 500 3084 nec
530 3021 645 3084 classes
677 3022 828 3085 classibus
858 3021 959 3103 frangi
983 3042 1040 3084 nec
1064 3023 1227 3102 parricidia
1249 3032 1302 3083 aut
1317 3032 1342 3072 ‘²5

89 3230 96 3279 l
110 3234 228 3298 Syrtium.
238 3236 324 3285 omnia
337 3235 419 3284 ineunt
432 3234 507 3299 plana
519 3231 610 3287 Koch:
632 3236 731 3299 syrtium
741 3275 746 3288 .
755 3236 842 3287 omniu
855 3235 930 3299 plana
943 3232 1012 3297 cod„
1026 3249 1087 3286 cnm
1100 3233 1128 3286 t'n
1141 3232 1304 3288 editionibus

87 3315 141 3376 inde
163 3321 383 3394 aNeapoliiana
406 3324 515 3372 tramites
536 3329 603 3392 post
621 3324 728 3387 Syrtium
753 3328 779 3384 et
801 3324 870 3388 plani
895 3322 1028 3392 scriptum
1054 3322 1103 3385 sit,
1129 3321 1155 3374 in
1176 3321 1302 3392 Neapoli·

82 3445 142 3497 lana
160 3438 355 3532 quidem-'noce
372 3449 481 3497 omnium
501 3446 602 3501 omissa
725 3449 740 3500 2
760 3449 784 3497 in
804 3450 859 3500 uico
878 3424 954 3513 peruil
1069 3447 1084 3498 5
1104 3448 1142 3496 cui
1162 3445 1302 3500 Muretus:

74 3587 97 3630 ei
121 3591 158 3638 cui
283 3596 340 3655 aput
359 3588 400 3644 tis
440 3585 443 3591 ⁴
527 3591 542 3642 i
567 3597 661 3655 quanto
685 3595 720 3640 est
740 3590 832 3657 (estin
853 3575 929 3654 rani
1048 3588 1064 3641 8
1089 3541 1304 3654 longpnqqffludo

167 3677 201 3731 10
226 3679 322 3744 integro
341 3680 430 3729 domus
448 3685 511 3728 statu
537 3681 630 3744 integer
649 3681 702 3744 ipse
720 3695 746 3729 se
765 3681 797 3728 ad
816 3680 923 3728 maiores
949 3675 1061 3732 Fickert
1080 3682 1106 3731 et
1125 3675 1234 3730 Haase:
1256 3679 1305 3727 inte

54 3779 165 3842 domus
184 3798 259 3843 status
278 3795 328 3843 inte
346 3795 399 3860 ipse
418 3797 451 3844 ad
469 3796 576 3844 maiores
668 3794 698 3846 12
717 3769 820 3843 mimum
843 3794 878 3860 (m
901 3809 934 3846 m.
956 3794 982 3859 2)
1081 3793 1114 3846 13
1134 3799 1305 3843 contraxerant

45 3877 169 3934 nescio
187 3881 250 3950 qni:
271 3891 425 3933 contraxerat
533 3883 567 3936 14
585 3884 731 3932 instantibus
750 3880 914 3935 Pincianus:
939 3883 1058 3932 stantibus
1169 3881 1200 3934 15
1220 3883 1305 3946 aliquit

40 3949 83 4015 (t
119 3975 180 4023 mut.
200 3970 226 4022 r'n
247 3971 273 4036 d)
376 3971 410 4025 16
428 3973 507 4036 gladii
527 3970 626 4039 (altera
645 3973 653 4020 i
672 3988 689 4024 a
708 3985 781 4024 corr.
801 3968 909 4037 addita)
1017 3970 1048 4022 *17
1068 3971 1178 4020 firmatos
1198 3969 1302 4039 Neap:

36 4036 198 4108 formatos
299 4058 333 4112 18
352 4063 438 4125 pmisit
456 4060 475 4128 (t
494 4058 557 4127 del.)
655 4061 687 4113 19
707 4061 803 4109 ostendi
821 4077 896 4125 quam
915 4061 986 4109 uibar
1005 4061 1089 4108 animo
1109 4058 1146 4122 (in
1165 4074 1249 4127 marg.
1270 4075 1303 4114 m.

34 4133 128 4198 ²²11.
151 4163 245 4212 magno
270 4149 392 4214 memnii)
418 4148 478 4202 cod.
504 4150 600 4199 ostendi
625 4156 677 4198 iam
702 4134 794 4213 magno
819 4165 860 4198 me
878 4164 952 4213 quam
977 4149 1080 4197 uidebar
1098 4149 1182 4196 animo
1203 4145 1303 4204 Haase.

34 4226 174 4285 Qtendi
192 4237 259 4302 quali
279 4237 380 4286 uidebar
400 4239 482 4287 animo
496 4234 619 4306 Modum,
638 4236 740 4289 iniuria
759 4235 875 4289 alterins
892 4250 988 4288 manns
1001 4232 1186 4288 additamento
1200 4233 1304 4288 abiecto

184 4324 219 4378 20
237 4326 363 4376 scribsisse
477 4326 509 4378 21
530 4328 691 4392 uidemusq.*
710 4343 760 4376 non
867 4325 901 4381 22
922 4331 980 4392 aput
999 4326 1018 4390 (t
1037 4327 1101 4378 mut.
1120 4322 1148 4375 t'n
1168 4325 1194 4389 d)

42 4415 213 4500 Optabilein
