3046 5092
198 343 261 404 276
422 301 561 381 Drauxrl.
590 338 632 379 AD
647 338 799 383 POLYBIVM
815 340 855 380 DE
870 338 1112 384 CONSOLATlONE.
1142 345 1160 382 5.
1176 342 1195 384 11,

196 485 242 545 sui
273 494 414 548 mentem
445 485 594 560 uiderint,
626 495 657 548 et
688 488 745 568 ipsi
776 487 1001 550 conlabantur:
1036 489 1066 549 id
1097 467 1265 549 nunc‘tibi
1288 495 1419 567 quoque

197 589 373 653 faciendum
404 602 460 654 est.
506 573 601 654 indue
629 594 810 655 dissimilem
833 593 939 656 animo
963 603 1018 655 tuo
1043 592 1162 655 uoltum
1186 603 1233 668 et,
1265 594 1290 654 si
1313 602 1455 675 potest)

160 698 165 706 ’
196 698 303 778 proice
326 718 454 759 omnem
480 720 521 760 ex
546 708 616 761 toto
641 700 804 762 dolorem:
839 700 864 761 si
888 701 998 774 minuS,
1022 703 1172 761 introrsus
1194 700 1278 761 abde
1294 708 1327 761 et
1342 720 1418 761 con-

196 804 274 878 tine,
306 825 345 865 ne
369 817 536 886 appareat,
560 816 592 867 et
616 796 657 868 da
681 826 827 887 operam,
852 818 886 869 ut
910 807 1020 868 fratres
1044 808 1087 868 tui
1111 816 1142 867 te
1165 807 1341 880 imitentur,
1365 807 1420 885 qui

156 925 168 964 5
195 909 363 971 honestum
387 912 552 991 putabunt,
576 915 799 992 quodcumque
822 923 855 975 te
878 913 1043 975 facientem
1068 914 1200 974 uiderint
1215 913 1420 992 animumque

196 1037 237 1078 ex
262 1017 348 1078 uoltu
369 1025 425 1078 tuo
446 1029 580 1080 sument.
611 1027 643 1081 et
659 1019 810 1081 solacium
829 1020 926 1081 debes
943 1041 1011 1082 esse
1027 1020 1150 1080 illorum
1167 1029 1198 1080 et
1215 1017 1416 1081 consolator:

98 1191 99 1195 ,
195 1143 258 1184 non
282 1124 400 1203 poteris
424 1134 528 1185 autem
553 1125 665 1186 horum
690 1127 824 1187 maerori
848 1127 984 1202 obstare,
1008 1127 1033 1187 si
1057 1135 1111 1187 tuo
1135 1124 1305 1187 indulseris
1340 1140 1347 1153 ·
1433 1151 1436 1155 ¹

284 1230 338 1290 Vl.
379 1227 453 1314 [25]
487 1231 596 1293 Potest
627 1242 659 1294 et
689 1232 739 1294 illa
770 1253 819 1294 res
850 1253 869 1293 a
896 1231 979 1294 luctu
1003 1242 1035 1294 te
1058 1231 1227 1313 prohibere
1250 1231 1360 1307 nimio,
1392 1232 1450 1295 sil

195 1337 251 1398 tibi
281 1337 347 1417 ipse
378 1339 616 1413 renuntiaueris,
652 1338 725 1400 nihil
756 1338 886 1414 horum,
917 1361 998 1419 quae
1029 1339 1119 1414 faciS,
1149 1359 1244 1420 posse
1275 1336 1417 1399 subduci.
1492 1343 1498 1356 “

157 1456 181 1494 ¹⁰
195 1463 345 1523 magnam
376 1444 432 1504 tibi
462 1464 630 1524 personam
661 1445 823 1507 hominum
856 1467 1026 1508 consensus
1058 1445 1210 1528 inposuit:
1250 1444 1330 1507 haec
1360 1444 1417 1507 tibi

195 1550 313 1610 tuenda
343 1562 399 1611 est.
446 1552 626 1614 circumstat
656 1562 688 1614 te
720 1555 823 1614 omnis
847 1554 909 1616 ista
931 1553 1163 1615 consolantium
1186 1551 1362 1632 frequentia
1385 1560 1417 1613 et

194 1658 224 1718 in
248 1657 386 1720 animum
411 1668 500 1720 tuum
524 1660 647 1738 inquirit
663 1680 700 1720 ac
715 1661 864 1740 perspicit
887 1669 1038 1739 quantum
1061 1660 1183 1721 roboris
1199 1658 1249 1720 ille
1264 1659 1416 1720 aduersus

144 1823 149 1830 .
195 1763 341 1825 dolorem
366 1763 483 1826 habeat
506 1775 538 1827 et
562 1774 709 1827 utrumne
732 1777 765 1828 tu
789 1776 912 1830 tantum
937 1767 1030 1829 rebus
1053 1767 1198 1828 secundis
1222 1766 1265 1826 uti
1283 1768 1417 1827 dextere

193 1871 289 1945 scias,
320 1892 361 1932 an
392 1882 424 1933 et
447 1873 596 1933 aduersas
620 1874 722 1952 possis
746 1873 872 1960 uiriliter
895 1872 993 1935 ferre:
1028 1873 1234 1933 obseruantur
1259 1872 1340 1934 oculi
1363 1874 1416 1934 tui.

156 1989 179 2029 ¹⁵
192 1975 337 2039 liberiora
360 1988 433 2039 sunt
456 1980 561 2040 omnia
583 1980 627 2053 iis,
651 2000 785 2058 quorum
809 1978 950 2040 adfectus
966 1979 1031 2059 tegi
1047 1987 1198 2059 possunt:
1224 1978 1280 2040 tibi
1296 1978 1415 2040 nullum
1435 1988 1449 2039 2

193 2092 349 2145 secretum
381 2083 513 2146 liberum
544 2095 600 2147 est.
646 2088 675 2146 in
709 2085 807 2147 multa
836 2085 905 2146 luce
935 2084 1059 2146 fortuna
1088 2093 1125 2147 te·
1142 2087 1255 2167 posuit.
1303 2106 1416 2147 omnes

193 2190 308 2265 scient,
339 2193 505 2270 quomodo
536 2201 569 2252 te
592 2193 621 2252 in
645 2193 704 2254 isto
728 2202 783 2254 tuo
807 2192 942 2273 gesseris
964 2191 1109 2267 uolnere,
1139 2200 1285 2255 utrumne
1308 2194 1415 2255 statim

193 2295 353 2376 perculsus
377 2317 464 2359 arma
486 2300 677 2360 summiseris
701 2319 741 2360 an
764 2300 794 2360 in
817 2300 918 2380 gradu
941 2299 1064 2360 steteris
1119 2299 1199 2385 olim
1218 2308 1251 2362 te
1274 2299 1304 2359 in
1326 2299 1416 2360 altio-

193 2425 260 2466 rem
292 2405 435 2467 ordinem
467 2415 512 2467 et
530 2426 620 2466 amor
644 2404 785 2467 Caesaris
814 2405 926 2467 extulit
958 2413 990 2467 et
1020 2414 1074 2466 tua
1101 2407 1204 2467 studia
1227 2407 1416 2468 eduxerunt.

153 2521 179 2560 20
194 2510 268 2572 nihil
292 2521 323 2572 te
346 2511 504 2595 plebeium
528 2513 631 2586 decet,
654 2511 728 2573 nihil
751 2511 875 2573 humile.
922 2513 996 2592 quid
1020 2521 1126 2573 autem
1150 2521 1217 2573 tam
1241 2502 1364 2574 humile
1380 2533 1418 2574 ac

194 2617 345 2679 muliebre
369 2628 417 2680 est
440 2639 534 2698 quam
559 2620 808 2680 consumendum
832 2640 866 2679 se
883 2617 984 2679 dolori
1000 2619 1218 2680 committere?
1250 2640 1315 2680 non
1330 2620 1451 2681 idem3

194 2723 249 2786 tibi
272 2708 305 2785 in
326 2725 412 2787 luctu
433 2727 499 2807 pari
523 2726 609 2805 quod
633 2726 693 2786 tuis
716 2724 861 2786 fratribus
885 2724 964 2788 licet.
996 2724 1096 2786 multa
1111 2725 1167 2786 tibi
1182 2717 1247 2786 non
1264 2726 1418 2806 permittit

194 2811 299 2913 opinio
330 2834 371 2893 de
394 2833 504 2894 studiis
527 2852 564 2893 ac
588 2831 728 2894 moribus
751 2834 811 2894 tuis
835 2841 969 2913 recepta.
1017 2831 1150 2893 multum
1174 2852 1194 2893 a
1216 2839 1248 2894 te
1272 2831 1418 2898 homines

193 2937 332 3018 exigunt,
356 2938 490 3000 multum
514 2947 694 3020 expectant.
741 2940 765 2998 si
790 2937 920 2999 uolebas
943 2939 999 2999 tibi
1023 2939 1130 3000 omnia
1152 2938 1253 3013 licere,
1277 2959 1317 3000 ne
1341 2960 1416 3000 con-

153 3054 178 3094 21
193 3045 340 3107 uertisses
371 3046 400 3106 in
432 3054 465 3107 te
497 3065 554 3107 ora
585 3046 746 3107 omnium:
780 3065 862 3105 nunc
892 3053 998 3106 autem
1030 3044 1087 3105 tibi
1109 3045 1334 3125 praestandum
1359 3054 1417 3120 est,

194 3161 345 3230 quantum
370 3152 547 3231 promisisti.
594 3171 706 3212 omnes
729 3150 777 3226 illi,
801 3152 853 3230 qui
867 3170 975 3230 opera
997 3151 1111 3230 ingenii
1134 3152 1178 3214 tui
1202 3151 1341 3231 laudant,
1365 3154 1418 3232 qui

284 3381 296 3432 1
317 3383 362 3429 tibi
375 3398 472 3446 quoque
486 3379 512 3432 B
531 3396 626 3446 quoque
638 3381 684 3429 tibi
697 3375 751 3433 DE
845 3381 861 3432 2
880 3381 1023 3430 dissimilem
1037 3388 1079 3430 tuo
1093 3380 1117 3453 Β
1136 3381 1279 3430 dissimilem
1294 3383 1379 3431 animo
1393 3380 1421 3434 E

282 3475 363 3534 potest
381 3467 408 3521 E
531 3470 546 3522 3
573 3471 631 3534 pice
655 3486 753 3519 omnem
777 3486 806 3518 ex
825 3475 877 3518 toto
896 3471 1008 3535 dolorem
1029 3468 1054 3522 Β
1078 3471 1180 3534 prohlce
1199 3486 1298 3519 ornnem
1317 3487 1346 3519 ex
1366 3477 1419 3520 toto

193 3559 305 3608 dolorem
325 3556 353 3610 E
369 3575 468 3608 omnem
487 3575 515 3608 ex
534 3564 586 3608 toto
604 3574 650 3624 pro
669 3560 706 3608 ice
727 3555 751 3610 D
845 3559 909 3607 abde
929 3556 955 3610 Β
973 3560 1098 3608 absconde
1118 3556 1171 3610 DE
1270 3562 1370 3609 contine
1389 3578 1420 3609 ne

194 3644 248 3699 ΒΕ
264 3645 432 3700 continereD
530 3647 547 3700 4
567 3654 590 3697 te
608 3649 741 3698 imittentur
759 3644 785 3697 B
804 3664 834 3696 ne
853 3648 974 3696 imitentur
992 3644 1047 3698 ΒΕ
1133 3649 1199 3712 quod
1217 3649 1348 3698 honesturn
1367 3647 1421 3701 ΒΕ

302 3736 316 3789 5
343 3741 366 3786 te
384 3737 514 3786 facientem
536 3733 560 3787 Β
579 3737 708 3785 facientem
728 3741 751 3785 te
769 3733 824 3789 DE
946 3735 962 3788 7
986 3737 1006 3785 si
1025 3737 1059 3786 tui
1078 3737 1204 3786 indulseris
1225 3735 1249 3788 B
1268 3739 1288 3786 si
1307 3746 1348 3787 tuo
1368 3755 1417 3787 non

156 3867 160 3878 .
193 3827 324 3875 indulxeris
343 3824 371 3877 Ε
460 3826 492 3879 10
517 3842 623 3890 psonam
642 3823 668 3877 B
686 3832 781 3889 partem
801 3822 855 3877 DE
943 3824 975 3876 13
1000 3830 1056 3874 utrr'r
1075 3824 1150 3876 neB
1226 3833 1229 3839 '
1252 3827 1365 3875 secundis
1385 3830 1417 3876 uti

193 3919 291 3966 dextere
309 3913 483 3984 Bottqarst'us
501 3915 613 3964 secundis
632 3915 671 3978 uti
684 3915 710 3962 id
729 3921 808 3964 extere
828 3912 854 3966 Β
878 3914 990 3962 secundis
1008 3915 1042 3962 uti
1061 3922 1083 3962 et
1102 3923 1125 3962 te
1143 3931 1255 3964 exercere
1277 3913 1300 3967 D
1318 3917 1418 3964 secundi

192 4008 225 4055 uti
244 4013 268 4055 et
287 4011 311 4054 te
329 4021 440 4055 exercere
458 4002 486 4056 Ε
611 4002 642 4055 15
666 4007 720 4052 sunt
738 4004 823 4052 omnia
841 4000 867 4054 B
886 4004 969 4051 omnia
988 4009 1042 4057 sunt
1061 3999 1114 4054 ΒΕ
1238 4002 1271 4060 18
1295 4006 1418 4068 perculsus

194 4094 275 4147 Gertz
294 4110 419 4159 percussus
439 4091 519 4146 ΒΒΕ
638 4093 728 4156 igradu
748 4091 774 4144 B
792 4094 900 4156 ingratus
919 4089 973 4144 ΒΕ
1095 4089 1128 4142 19
1152 4092 1284 4141 eduxerunt
1302 4089 1417 4162 Madufq
1466 4099 1478 4113 “

192 4186 340 4233 deduxerunt
360 4181 440 4236 BDE
528 4182 557 4234 21
587 4183 781 4231 consumanrlum
801 4179 827 4233 Β
923 4180 956 4232 22
981 4181 1045 4229 uictu
1067 4178 1090 4232 D
1191 4182 1237 4229 tuis
1256 4181 1372 4230 fratribus
1393 4180 1417 4233 Β

190 4273 305 4321 fratribus
323 4275 369 4322 tuis
388 4270 442 4325 DE
546 4269 580 4323 23
606 4273 716 4320 moribus
734 4272 780 4319 tuis
800 4269 825 4322 Β
844 4271 952 4317 moribus
972 4266 1025 4321 DE
1129 4268 1163 4321 25
1189 4277 1282 4318 tantum
1303 4271 1347 4318 tibi
1366 4267 1420 4322 DE

315 4361 349 4415 26
374 4379 459 4412 omnes
482 4362 517 4410 illi
542 4359 757 4429 interpunctione
780 4356 923 4411 emendata
943 4356 1051 4425 Lipsius·
1075 4359 1155 4406 omnis
1173 4358 1208 4405 illi
1227 4355 1282 4409 ΒΕ
1302 4360 1417 4407 omnibus

191 4452 238 4500 illis
260 4450 283 4504 Β
302 4468 387 4501 ornnes
406 4453 454 4501 illis
473 4449 559 4520 Neap.
661 4450 701 4513 qui
721 4449 861 4497 describunt
880 4442 905 4497 D
923 4447 964 4508 qui
983 4446 1122 4495 describant
1145 4445 1169 4498 Β
1186 4448 1244 4510 quid
1264 4448 1373 4497 scribunt
1393 4445 1420 4498 E
