3046 5092
244 343 304 402 150
459 335 538 377 DlAL.
554 334 592 377 Vl,
620 334 662 374 AD
678 334 821 375 MARCIAM
837 334 878 372 DE
892 333 1135 376 CONSOLATIONE.
1165 335 1199 376 23.
1215 335 1248 376 24.

240 481 314 543 illud
348 480 484 543 obsoleti
516 480 653 561 inlitique
677 479 792 541 eluunt.
839 499 898 569 nec
921 501 1070 561 umquam
1096 479 1218 560 magnis
1242 479 1373 560 ingeniis
1398 487 1504 541 cara2

240 592 271 650 in
302 607 435 668 corpore
466 607 558 648 mora
588 596 644 647 est.
691 586 776 647 exire
799 594 894 665 atque
918 607 1088 667 erumpere
1106 586 1259 666 gestiunt,
1293 605 1390 666 aegre
1413 585 1472 646 has

240 695 399 775 angustias
415 692 527 768 ferunt,
552 695 623 773 uagi
639 714 695 774 per
712 713 815 766 omne,
839 693 989 754 sublimes
1007 703 1038 754 et
1054 714 1096 754 ex
1112 693 1177 756 alto
1193 692 1314 753 adsueti
1330 691 1473 754 humana

240 803 420 884 despicere:
452 801 525 861 inde
542 809 597 861 'est
620 800 706 879 quod
731 797 843 860 Platon
868 798 998 873 clamat,
1029 800 1177 879 sapientis
1200 800 1340 861 animum
1364 807 1472 861 totum

213 910 270 970 sin
294 916 430 969 mortem
454 906 640 987 prominere,
664 905 726 966 hoc
741 903 829 979 uelle,
853 905 917 966 hoc
933 905 1083 980 meditari,
1107 905 1166 966 bae
1182 925 1308 987 semper
1324 905 1473 987 cupidine

240 1014 311 1077 ferri
333 1015 365 1075 in
389 1014 547 1075 exteriora
570 1012 763 1073 tendentem.
783 1008 869 1090 ‘quid
893 1022 936 1087 tu,
960 1011 1087 1086 Marcia,
1111 1032 1184 1072 cum
1200 1012 1323 1073 uideres
1338 1010 1472 1073 senilem
1491 1018 1505 1071 3

240 1123 269 1182 in
301 1121 412 1182 iuuene
442 1120 658 1200 prudentiam,
698 1120 850 1179 uictorem
890 1120 1031 1180 omnium
1072 1118 1279 1199 uoluptatium
1319 1119 1471 1192 animum,

241 1228 461 1318 emendatum,
494 1234 653 1286 carentem
688 1225 779 1299 uitio,
811 1225 933 1288 diuitias
963 1228 1030 1286 sine
1061 1225 1203 1298 auaritia,
1234 1224 1373 1286 honores
1406 1224 1473 1286 sine

240 1334 430 1408 ambitione,
462 1331 641 1413 uoluptates
672 1332 736 1392 sine
767 1329 890 1393 luxuria
919 1333 1141 1412 adpetentem,
1172 1332 1225 1392 diu
1253 1331 1309 1392 tibi
1333 1331 1473 1412 putabas

169 1444 171 1447 ’
203 1455 227 1494 ¹⁰
241 1439 326 1502 illum
357 1441 509 1520 sospitem
533 1458 628 1519 posse
652 1438 854 1518 contingere?
893 1439 1044 1519 quidquid
1061 1439 1110 1498 ad
1133 1457 1293 1522 summum
1316 1439 1473 1518 peruenit,

241 1549 282 1608 ad
307 1548 427 1609 exitum
452 1553 609 1628 properat.
658 1545 747 1626 eripit
770 1565 804 1606 se
827 1544 989 1625 aufertque
1013 1565 1055 1606 ex
1079 1542 1175 1605 oculis
1199 1543 1341 1626 perfecta
1363 1545 1471 1618 uirtus,

226 1675 300 1715 ·nec
322 1652 467 1714 ultimum
492 1661 617 1734 tempus
642 1659 813 1732 expectant
836 1672 917 1732 quae
940 1653 970 1712 in
993 1652 1096 1732 primo
1118 1659 1343 1715 maturuerunt.
1390 1653 1504 1734 ignist

241 1782 304 1841 quo
337 1759 447 1821 clarior
470 1757 568 1832 fulsit,
600 1759 688 1820 citius
712 1759 911 1839 extinguitur.
958 1758 1095 1820 uiuacior
1117 1766 1182 1831 est,
1212 1759 1264 1839 qui
1288 1778 1361 1820 cum
1386 1757 1472 1821 lenta

241 1888 278 1929 ac
302 1864 415 1928 difficili
439 1866 570 1927 materia
594 1865 779 1926 commissus
803 1863 954 1945 fumoque
978 1866 1141 1932 demersus
1165 1885 1207 1925 ex
1230 1864 1361 1926 sordido
1378 1864 1472 1928 lucet.

203 1989 227 2027 ¹5
241 1975 354 2035 eadem
386 1973 468 2033 enim
501 1972 620 2033 detinet
650 1992 760 2046 causa,
790 1991 869 2052 quae
902 1970 1038 2050 maligne
1069 1970 1141 2032 alit:
1174 1971 1219 2032 sic
1249 1972 1386 2060 ingenia*
1406 1994 1471 2055 quo

241 2080 446 2153 inlustriora,¹
470 2078 616 2139 breuiora
654 2088 734 2140 sunt.
785 2098 858 2139 nam
889 2077 942 2138 ubi
972 2079 1166 2138 incremento
1197 2077 1285 2139 locus
1315 2099 1382 2139 non
1415 2089 1470 2153 est,

241 2187 357 2247 uicinus
381 2205 512 2245 occasus
536 2194 591 2246 est.
631 2184 788 2245 Fabianus
812 2185 863 2258 ait,
886 2185 917 2247 id
941 2184 1027 2265 quod
1051 2185 1150 2244 nostri
1173 2204 1300 2264 quoque
1321 2195 1471 2265 parentes
1490 2195 1504 2246 5

239 2292 355 2366 uidere,
379 2310 510 2371 puerum
534 2291 659 2351 Romae
682 2290 775 2352 fuisse
791 2300 911 2352 statura
928 2290 1053 2369 ingenti,
1078 2291 1133 2351 uiri
1149 2290 1365 2355 antecellente.
1414 2294 1471 2355 sed

241 2400 290 2460 hic
320 2399 382 2460 cito
413 2398 563 2472 decessit,
595 2405 627 2458 et
658 2398 842 2458 moriturum
873 2396 962 2458 breui
993 2416 1087 2458 nemo
1119 2417 1183 2458 non
1213 2398 1351 2478 prudens
1381 2399 1471 2464 dixit

201 2517 227 2558 '2⁰
242 2526 307 2567 non
337 2513 463 2585 poterat
486 2505 569 2565 enim
593 2504 634 2565 ad
658 2502 741 2564 illam
765 2513 902 2566 aetatem
925 2504 1104 2584 peruenire,
1134 2524 1231 2585 quam
1254 2516 1470 2586 praeceperat.

242 2613 284 2674 ita
315 2620 382 2673 est:
416 2612 563 2673 indicium
594 2619 643 2670 est
671 2610 847 2671 inminentis
879 2611 965 2671 exitii
988 2583 1083 2671 nimia
1106 2612 1268 2692 maturitas
1292 2620 1323 2672 et
1348 2613 1470 2693 adpetit

242 2719 310 2780 finis
334 2719 387 2780 ubi
411 2720 603 2780 incrementa
626 2726 815 2798 consumpta
838 2725 917 2777 sunt.

331 2825 451 2902 xxiv.
489 2825 594 2906 Incipe
617 2823 782 2885 uirtutibus
805 2823 901 2897 illum,
925 2843 989 2883 non
1008 2824 1095 2883 annis
1112 2825 1296 2908 aestimare:
1324 2826 1402 2888 satis
1418 2827 1470 2888 diu
1493 2833 1500 2884 l

243 2933 327 2994 uixit.
360 2930 494 3013 pupillus
511 2931 633 2992 relictus
649 2930 707 2991 sub
724 2939 864 2992 tutorum
883 2949 956 2990 cura
972 2950 1071 3010 usque
1086 2931 1128 2991 ad
1143 2940 1291 3010 quartum
1308 2934 1471 2995 decimum

202 3054 227 3093 25
242 3060 359 3100 annum
383 3037 447 3113 luit,
470 3037 529 3099 sub
553 3038 660 3099 matris
683 3035 781 3099 tutela
803 3056 939 3116 semper.
979 3056 1050 3097 cum
1075 3035 1208 3098 haberet
1230 3057 1305 3099 suos
1328 3050 1471 3120 penates

242 3146 415 3227 relinquere
438 3153 509 3206 tuos
533 3143 631 3205 noluit
647 3152 679 3204 et
694 3145 724 3204 in
741 3153 885 3206 materno
902 3143 1119 3219 contubernio,
1143 3165 1215 3206 cum
1232 3145 1286 3205 uix
1300 3153 1471 3225 paternum

242 3252 330 3313 liberi
353 3250 460 3326 ferant,
484 3251 703 3333 perseuerauit.
743 3251 926 3312 adulescens
949 3259 1077 3326 statura,
1100 3251 1337 3334 pulchritudine,
1362 3260 1472 3313 cetero

243 3359 384 3439 corporis
407 3357 524 3418 robore
548 3358 656 3419 castris
679 3366 770 3418 natus
794 3356 933 3419 militiam
958 3359 1120 3433 recusauit,
1143 3379 1184 3420 ne
1200 3378 1218 3419 a
1233 3366 1266 3419 te
1282 3356 1472 3421 discederet.

243 3545 456 3554 —-—-—-—-

982 3624 994 3650 e

245 3663 644 3720 1eluuntGroucnius:fluunt
733 3665 825 3729 2egre
909 3663 1008 3715 lindsr
1093 3666 1152 3717 bin
1171 3674 1277 3716 mortem
1296 3665 1469 3722 deteriores:

243 3811 267 3858 in
286 3816 364 3857 morte
466 3769 590 3860 b'uideris
678 3808 706 3859 ll
727 3813 843 3872 properat
861 3803 1002 3872 Muretus:
1024 3823 1102 3871 prope
1120 3814 1155 3858 est
1254 3809 1285 3861 13
1305 3767 1368 3858 eiius

244 3933 277 3985 14
294 3950 323 3982 ex
341 3909 442 3981 sordido
524 3932 557 3984 18
576 3934 668 3997 ingenti
681 3933 725 3981 uiri
738 3932 897 3981 antecellente
912 3929 993 3983 Gertz
1008 3929 1080 3997 (licet
1092 3931 1171 3985 eliam
1185 3931 1309 3985 conicere
1321 3936 1468 4000 aequante):

1320 4027 1344 4059 et

242 4076 347 4142 ingentis
366 4075 410 4123 uiri
430 4080 485 4124 ante
593 4073 626 4127 19
652 4081 675 4123 et
695 4075 837 4123 moriturum
862 4075 931 4123 breui
956 4091 1030 4124 nemo
1056 4091 1104 4124 non
1130 4075 1236 4139 prudens
1254 4070 1282 4126 Ε
1289 4075 1312 4123 ¹:
1345 4076 1470 4127 moritum

242 4165 311 4213 breui
330 4180 403 4213 nemo
423 4164 528 4228 prudens
630 4162 664 4215 ‘20
687 4170 829 4227 preceperat
932 4162 963 4214 21
985 4164 1019 4212 ita
1038 4170 1086 4212 est:
1108 4164 1225 4212 indicium
1246 4170 1281 4213 est
1300 4159 1467 4217 Pincianus:

243 4253 277 4301 ita
296 4259 331 4301 est
349 4254 466 4302 indictum
551 4253 628 4301 nimia
647 4253 773 4301 maturitas
793 4250 852 4305 cod.
873 4254 998 4301 maturitas
1017 4250 1099 4321 nulqo
1184 4254 1277 4318 appetit
1362 4252 1398 4306 22
1414 4269 1467 4323 pro

242 4346 387 4404 consumpta
412 4340 488 4394 malit
509 4339 589 4394 Gertz
609 4334 779 4390 consummata
888 4339 921 4391 24
940 4346 1052 4405 quartum
1073 4339 1236 4394 deteriores:
1257 4347 1358 4407 quatum

242 4436 276 4490 26
295 4443 374 4486 mater
391 4432 440 4512 noir
