<?xml version="1.0" encoding="UTF-8"?>
<!DOCTYPE html PUBLIC "-//W3C//DTD XHTML 1.0 Transitional//EN"
    "http://www.w3.org/TR/xhtml1/DTD/xhtml1-transitional.dtd">
<html xmlns="http://www.w3.org/1999/xhtml" xml:lang="en" lang="en">
 <head>
  <title>
</title>
<meta http-equiv="Content-Type" content="text/html;charset=utf-8" />
  <meta name='ocr-system' content='tesseract 3.04.00' />
  <meta name='ocr-capabilities' content='ocr_page ocr_carea ocr_par ocr_line ocrx_word'/>
</head>
<body>
  <div class='ocr_page' id='page_1' title='image "./lannaeisenecaed00vahlgoog_0105.png"; bbox 0 0 3060 5078; ppageno 0'>
   <div class='ocr_carea' id='block_1_1' title="bbox 161 328 1022 396">
    <p class='ocr_par' dir='ltr' id='par_1_1' title="bbox 161 328 1022 396">
     <span class='ocr_line' id='line_1_1' title="bbox 161 328 1022 396; baseline 0.006 -30"><span class='ocrx_word' id='word_1_1' title='bbox 161 335 202 396; x_wconf 71' lang='grc'><strong>66</strong></span> <span class='ocrx_word' id='word_1_2' title='bbox 520 328 599 370; x_wconf 84' lang='lat' dir='ltr'><strong>DIAL.</strong></span> <span class='ocrx_word' id='word_1_3' title='bbox 616 328 653 371; x_wconf 92' lang='lat' dir='ltr'><strong>1v.</strong></span> <span class='ocrx_word' id='word_1_4' title='bbox 682 328 723 369; x_wconf 76' lang='lat' dir='ltr'><strong>Dr:</strong></span> <span class='ocrx_word' id='word_1_5' title='bbox 737 328 789 368; x_wconf 84' lang='lat' dir='ltr'><strong>IRA</strong></span> <span class='ocrx_word' id='word_1_6' title='bbox 804 328 859 370; x_wconf 85' lang='lat' dir='ltr'>LIB.</span> <span class='ocrx_word' id='word_1_7' title='bbox 876 329 905 371; x_wconf 90' lang='lat'><strong>11.</strong></span> <span class='ocrx_word' id='word_1_8' title='bbox 937 331 1022 372; x_wconf 71' lang='lat'><strong>12-14.</strong></span> 
     </span>
    </p>
   </div>
   <div class='ocr_carea' id='block_1_2' title="bbox 118 472 1429 4069">
    <p class='ocr_par' dir='ltr' id='par_1_2' title="bbox 118 472 1429 4069">
     <span class='ocr_line' id='line_1_2' title="bbox 158 472 1394 554; baseline -0.001 -18"><span class='ocrx_word' id='word_1_9' title='bbox 158 472 425 554; x_wconf 84' lang='lat' dir='ltr'><strong>indefatigabilem</strong></span> <span class='ocrx_word' id='word_1_10' title='bbox 449 475 602 537; x_wconf 89' lang='lat' dir='ltr'><strong>extendit.</strong></span> <span class='ocrx_word' id='word_1_11' title='bbox 640 476 817 537; x_wconf 87' lang='lat' dir='ltr'><strong>didicerunt</strong></span> <span class='ocrx_word' id='word_1_12' title='bbox 839 475 1026 537; x_wconf 82' lang='lat' dir='ltr'><strong>tenuissimis</strong></span> <span class='ocrx_word' id='word_1_13' title='bbox 1050 483 1082 537; x_wconf 92' lang='lat' dir='ltr'><strong>et</strong></span> <span class='ocrx_word' id='word_1_14' title='bbox 1105 475 1245 537; x_wconf 89' lang='lat' dir='ltr'><strong>aduersis</strong></span> <span class='ocrx_word' id='word_1_15' title='bbox 1262 473 1394 536; x_wconf 84' lang='lat' dir='ltr'><strong>funibus</strong></span> 
     </span>
     <span class='ocr_line' id='line_1_3' title="bbox 160 571 1392 664; baseline 0.001 -23"><span class='ocrx_word' id='word_1_16' title='bbox 160 600 283 642; x_wconf 90' lang='lat' dir='ltr'><strong>currere</strong></span> <span class='ocrx_word' id='word_1_17' title='bbox 306 589 338 642; x_wconf 88' lang='lat' dir='ltr'><strong>et</strong></span> <span class='ocrx_word' id='word_1_18' title='bbox 360 581 499 661; x_wconf 91' lang='lat' dir='ltr'><strong>ingentia</strong></span> <span class='ocrx_word' id='word_1_19' title='bbox 522 581 639 662; x_wconf 92' lang='lat' dir='ltr'><strong>uixque</strong></span> <span class='ocrx_word' id='word_1_20' title='bbox 662 571 807 643; x_wconf 77' lang='lat' dir='ltr'><strong>humanis</strong></span> <span class='ocrx_word' id='word_1_21' title='bbox 830 581 995 644; x_wconf 89' lang='lat' dir='ltr'><strong>toleranda</strong></span> <span class='ocrx_word' id='word_1_22' title='bbox 1010 582 1126 643; x_wconf 91' lang='lat' dir='ltr'><strong>uiribus</strong></span> <span class='ocrx_word' id='word_1_23' title='bbox 1145 601 1243 644; x_wconf 89' lang='lat' dir='ltr'><strong>onera</strong></span> <span class='ocrx_word' id='word_1_24' title='bbox 1257 590 1392 664; x_wconf 84' lang='lat' dir='ltr'><strong>portare</strong></span> 
     </span>
     <span class='ocr_line' id='line_1_4' title="bbox 158 681 1391 770; baseline 0.001 -23"><span class='ocrx_word' id='word_1_25' title='bbox 158 681 197 748; x_wconf 76' lang='lat' dir='ltr'><strong>et¹</strong></span> <span class='ocrx_word' id='word_1_26' title='bbox 230 687 261 747; x_wconf 93' lang='lat' dir='ltr'><strong>in</strong></span> <span class='ocrx_word' id='word_1_27' title='bbox 278 720 282 728; x_wconf 95' lang='lat'>·</span> <span class='ocrx_word' id='word_1_28' title='bbox 297 687 471 750; x_wconf 86' lang='lat' dir='ltr'><strong>inmensam</strong></span> <span class='ocrx_word' id='word_1_29' title='bbox 503 686 698 756; x_wconf 88' lang='lat' dir='ltr'><strong>altitudinem</strong></span> <span class='ocrx_word' id='word_1_30' title='bbox 729 688 830 769; x_wconf 83' lang='lat' dir='ltr'><strong>mergi</strong></span> <span class='ocrx_word' id='word_1_31' title='bbox 860 709 897 750; x_wconf 91' lang='lat' dir='ltr'><strong>ac</strong></span> <span class='ocrx_word' id='word_1_32' title='bbox 927 690 993 751; x_wconf 93' lang='lat' dir='ltr'><strong>sine</strong></span> <span class='ocrx_word' id='word_1_33' title='bbox 1023 687 1084 751; x_wconf 96' lang='lat' dir='ltr'><strong>ulla</strong></span> <span class='ocrx_word' id='word_1_34' title='bbox 1115 688 1288 770; x_wconf 89' lang='lat' dir='ltr'><strong>respirandi</strong></span> <span class='ocrx_word' id='word_1_35' title='bbox 1320 687 1391 748; x_wconf 92' lang='lat' dir='ltr'><strong>uice</strong></span> 
     </span>
     <span class='ocr_line' id='line_1_5' title="bbox 158 792 1423 879; baseline -0.003 -25"><span class='ocrx_word' id='word_1_36' title='bbox 158 792 281 876; x_wconf 86' lang='lat' dir='ltr'><strong>perpeti</strong></span> <span class='ocrx_word' id='word_1_37' title='bbox 304 793 409 856; x_wconf 85' lang='lat' dir='ltr'><strong>maria</strong></span> <span class='ocrx_word' id='word_1_38' title='bbox 455 793 539 856; x_wconf 91' lang='lat' dir='ltr'><strong>mille</strong></span> <span class='ocrx_word' id='word_1_39' title='bbox 561 803 634 856; x_wconf 90' lang='lat' dir='ltr'><strong>sunt</strong></span> <span class='ocrx_word' id='word_1_40' title='bbox 657 793 729 870; x_wconf 92' lang='lat' dir='ltr'><strong>alia,</strong></span> <span class='ocrx_word' id='word_1_41' title='bbox 754 795 785 856; x_wconf 91' lang='lat' dir='ltr'><strong>in</strong></span> <span class='ocrx_word' id='word_1_42' title='bbox 808 794 920 876; x_wconf 92' lang='lat' dir='ltr'><strong>quibus</strong></span> <span class='ocrx_word' id='word_1_43' title='bbox 943 795 1113 879; x_wconf 88' lang='lat' dir='ltr'><strong>pertinacia</strong></span> <span class='ocrx_word' id='word_1_44' title='bbox 1135 794 1388 876; x_wconf 89' lang='lat' dir='ltr'><strong>inpedimentum</strong></span> <span class='ocrx_word' id='word_1_45' title='bbox 1407 797 1423 850; x_wconf 82' lang='lat'><strong>5</strong></span> 
     </span>
     <span class='ocr_line' id='line_1_6' title="bbox 133 899 1390 982; baseline -0.004 -18"><span class='ocrx_word' id='word_1_46' title='bbox 133 919 257 964; x_wconf 78' lang='lat' dir='ltr'><strong>somne</strong></span> <span class='ocrx_word' id='word_1_47' title='bbox 293 901 487 963; x_wconf 86' lang='lat' dir='ltr'><strong>transcendit</strong></span> <span class='ocrx_word' id='word_1_48' title='bbox 521 902 723 982; x_wconf 88' lang='lat' dir='ltr'><strong>ostenditque</strong></span> <span class='ocrx_word' id='word_1_49' title='bbox 754 900 828 963; x_wconf 91' lang='lat' dir='ltr'><strong>nihil</strong></span> <span class='ocrx_word' id='word_1_50' title='bbox 859 922 929 964; x_wconf 89' lang='lat' dir='ltr'><strong>esse</strong></span> <span class='ocrx_word' id='word_1_51' title='bbox 960 901 1084 964; x_wconf 87' lang='lat' dir='ltr'><strong>difficile</strong></span> <span class='ocrx_word' id='word_1_52' title='bbox 1115 902 1200 962; x_wconf 91' lang='lat' dir='ltr'><strong>cuius</strong></span> <span class='ocrx_word' id='word_1_53' title='bbox 1230 899 1290 960; x_wconf 94' lang='lat' dir='ltr'><strong>sibi</strong></span> <span class='ocrx_word' id='word_1_54' title='bbox 1320 899 1390 980; x_wconf 91' lang='lat' dir='ltr'><strong>ipsa</strong></span> 
     </span>
     <span class='ocr_line' id='line_1_7' title="bbox 159 1000 1388 1090; baseline -0.001 -23"><span class='ocrx_word' id='word_1_55' title='bbox 159 1025 249 1067; x_wconf 89' lang='lat' dir='ltr'><strong>mens</strong></span> <span class='ocrx_word' id='word_1_56' title='bbox 271 1007 455 1087; x_wconf 90' lang='lat' dir='ltr'><strong>patientiam</strong></span> <span class='ocrx_word' id='word_1_57' title='bbox 479 1006 637 1070; x_wconf 89' lang='lat' dir='ltr'><strong>indiceret.</strong></span> <span class='ocrx_word' id='word_1_58' title='bbox 683 1007 748 1069; x_wconf 89' lang='lat' dir='ltr'><strong>istis</strong></span> <span class='ocrx_word' id='word_1_59' title='bbox 771 1028 851 1089; x_wconf 93' lang='lat' dir='ltr'><strong>quos</strong></span> <span class='ocrx_word' id='word_1_60' title='bbox 874 1007 969 1090; x_wconf 92' lang='lat' dir='ltr'><strong>paulo</strong></span> <span class='ocrx_word' id='word_1_61' title='bbox 993 1016 1066 1070; x_wconf 93' lang='lat' dir='ltr'><strong>ante</strong></span> <span class='ocrx_word' id='word_1_62' title='bbox 1089 1005 1192 1069; x_wconf 93' lang='lat' dir='ltr'><strong>rettuli</strong></span> <span class='ocrx_word' id='word_1_63' title='bbox 1220 1015 1275 1068; x_wconf 88' lang='lat' dir='ltr'><strong>aut</strong></span> <span class='ocrx_word' id='word_1_64' title='bbox 1303 1000 1388 1068; x_wconf 86' lang='lat' dir='ltr'><strong>nulla</strong></span> 
     </span>
     <span class='ocr_line' id='line_1_8' title="bbox 158 1110 1385 1196; baseline 0 -23"><span class='ocrx_word' id='word_1_65' title='bbox 158 1119 225 1173; x_wconf 89' lang='lat' dir='ltr'><strong>tam</strong></span> <span class='ocrx_word' id='word_1_66' title='bbox 247 1110 414 1192; x_wconf 86' lang='lat' dir='ltr'><strong>pertinacis</strong></span> <span class='ocrx_word' id='word_1_67' title='bbox 437 1114 530 1175; x_wconf 92' lang='lat' dir='ltr'><strong>studii</strong></span> <span class='ocrx_word' id='word_1_68' title='bbox 553 1123 608 1176; x_wconf 90' lang='lat' dir='ltr'><strong>aut</strong></span> <span class='ocrx_word' id='word_1_69' title='bbox 630 1135 694 1175; x_wconf 93' lang='lat' dir='ltr'><strong>non</strong></span> <span class='ocrx_word' id='word_1_70' title='bbox 718 1115 814 1194; x_wconf 90' lang='lat' dir='ltr'><strong>digna</strong></span> <span class='ocrx_word' id='word_1_71' title='bbox 834 1134 956 1176; x_wconf 89' lang='lat' dir='ltr'><strong>merces</strong></span> <span class='ocrx_word' id='word_1_72' title='bbox 971 1114 1034 1176; x_wconf 86' lang='lat' dir='ltr'><strong>fuit.</strong></span> <span class='ocrx_word' id='word_1_73' title='bbox 1072 1114 1148 1196; x_wconf 95' lang='lat' dir='ltr'><strong>quid</strong></span> <span class='ocrx_word' id='word_1_74' title='bbox 1164 1113 1248 1175; x_wconf 91' lang='lat' dir='ltr'><strong>enim</strong></span> <span class='ocrx_word' id='word_1_75' title='bbox 1264 1111 1385 1194; x_wconf 91' lang='lat' dir='ltr'><strong>magni-</strong></span> 
     </span>
     <span class='ocr_line' id='line_1_9' title="bbox 158 1217 1385 1302; baseline 0.001 -24"><span class='ocrx_word' id='word_1_76' title='bbox 158 1217 253 1280; x_wconf 94' lang='lat' dir='ltr'><strong>ficum</strong></span> <span class='ocrx_word' id='word_1_77' title='bbox 285 1220 485 1301; x_wconf 90' lang='lat' dir='ltr'><strong>consequitur</strong></span> <span class='ocrx_word' id='word_1_78' title='bbox 515 1217 565 1280; x_wconf 89' lang='lat' dir='ltr'><strong>ille</strong></span> <span class='ocrx_word' id='word_1_79' title='bbox 594 1220 646 1300; x_wconf 93' lang='lat' dir='ltr'><strong>qui</strong></span> <span class='ocrx_word' id='word_1_80' title='bbox 677 1221 848 1282; x_wconf 90' lang='lat' dir='ltr'><strong>meditatus</strong></span> <span class='ocrx_word' id='word_1_81' title='bbox 879 1227 926 1282; x_wconf 90' lang='lat' dir='ltr'><strong>est</strong></span> <span class='ocrx_word' id='word_1_82' title='bbox 956 1241 1014 1302; x_wconf 90' lang='lat' dir='ltr'><strong>per</strong></span> <span class='ocrx_word' id='word_1_83' title='bbox 1043 1220 1181 1282; x_wconf 91' lang='lat' dir='ltr'><strong>intentos</strong></span> <span class='ocrx_word' id='word_1_84' title='bbox 1211 1218 1301 1281; x_wconf 90' lang='lat' dir='ltr'><strong>funes</strong></span> <span class='ocrx_word' id='word_1_85' title='bbox 1314 1220 1385 1280; x_wconf 85' lang='lat' dir='ltr'><strong>ire?</strong></span> 
     </span>
     <span class='ocr_line' id='line_1_10' title="bbox 159 1324 1386 1408; baseline 0.002 -24"><span class='ocrx_word' id='word_1_86' title='bbox 159 1324 211 1405; x_wconf 94' lang='lat' dir='ltr'><strong>qui</strong></span> <span class='ocrx_word' id='word_1_87' title='bbox 233 1325 372 1388; x_wconf 89' lang='lat' dir='ltr'><strong>sarcinae</strong></span> <span class='ocrx_word' id='word_1_88' title='bbox 395 1326 514 1406; x_wconf 84' lang='lat' dir='ltr'><strong>ingenti</strong></span> <span class='ocrx_word' id='word_1_89' title='bbox 537 1325 674 1387; x_wconf 89' lang='lat' dir='ltr'><strong>ceruices</strong></span> <span class='ocrx_word' id='word_1_90' title='bbox 688 1329 889 1408; x_wconf 87' lang='lat' dir='ltr'><strong>supponere?</strong></span> <span class='ocrx_word' id='word_1_91' title='bbox 920 1327 973 1408; x_wconf 93' lang='lat' dir='ltr'><strong>qui</strong></span> <span class='ocrx_word' id='word_1_92' title='bbox 988 1346 1103 1387; x_wconf 92' lang='lat' dir='ltr'><strong>somno</strong></span> <span class='ocrx_word' id='word_1_93' title='bbox 1120 1346 1183 1387; x_wconf 92' lang='lat' dir='ltr'><strong>non</strong></span> <span class='ocrx_word' id='word_1_94' title='bbox 1199 1325 1386 1387; x_wconf 89' lang='lat' dir='ltr'><strong>submittere</strong></span> 
     </span>
     <span class='ocr_line' id='line_1_11' title="bbox 120 1428 1385 1514; baseline -0.002 -20"><span class='ocrx_word' id='word_1_95' title='bbox 120 1453 144 1494; x_wconf 83' lang='lat' dir='ltr'><strong>ro</strong></span> <span class='ocrx_word' id='word_1_96' title='bbox 159 1428 292 1492; x_wconf 80' lang='lat' dir='ltr'><strong>oculos?</strong></span> <span class='ocrx_word' id='word_1_97' title='bbox 329 1433 381 1513; x_wconf 94' lang='lat' dir='ltr'><strong>qui</strong></span> <span class='ocrx_word' id='word_1_98' title='bbox 404 1441 571 1514; x_wconf 88' lang='lat' dir='ltr'><strong>penetrare</strong></span> <span class='ocrx_word' id='word_1_99' title='bbox 592 1433 623 1493; x_wconf 96' lang='lat' dir='ltr'><strong>in</strong></span> <span class='ocrx_word' id='word_1_100' title='bbox 645 1433 744 1494; x_wconf 93' lang='lat' dir='ltr'><strong>imum</strong></span> <span class='ocrx_word' id='word_1_101' title='bbox 768 1436 871 1494; x_wconf 91' lang='lat' dir='ltr'><strong>mare?</strong></span> <span class='ocrx_word' id='word_1_102' title='bbox 911 1441 944 1495; x_wconf 91' lang='lat' dir='ltr'><strong>et</strong></span> <span class='ocrx_word' id='word_1_103' title='bbox 966 1441 1074 1494; x_wconf 90' lang='lat' dir='ltr'><strong>tamen</strong></span> <span class='ocrx_word' id='word_1_104' title='bbox 1097 1433 1139 1494; x_wconf 94' lang='lat' dir='ltr'><strong>ad</strong></span> <span class='ocrx_word' id='word_1_105' title='bbox 1161 1431 1258 1494; x_wconf 92' lang='lat' dir='ltr'><strong>finem</strong></span> <span class='ocrx_word' id='word_1_106' title='bbox 1282 1431 1385 1513; x_wconf 92' lang='lat' dir='ltr'><strong>operis</strong></span> 
     </span>
     <span class='ocr_line' id='line_1_12' title="bbox 158 1537 1424 1620; baseline 0.002 -23"><span class='ocrx_word' id='word_1_107' title='bbox 158 1556 223 1598; x_wconf 93' lang='lat' dir='ltr'><strong>non</strong></span> <span class='ocrx_word' id='word_1_108' title='bbox 253 1558 372 1618; x_wconf 86' lang='lat' dir='ltr'><strong>magno</strong></span> <span class='ocrx_word' id='word_1_109' title='bbox 402 1548 642 1600; x_wconf 89' lang='lat' dir='ltr'><strong>auctoramento</strong></span> <span class='ocrx_word' id='word_1_110' title='bbox 672 1537 764 1600; x_wconf 93' lang='lat' dir='ltr'><strong>labor</strong></span> <span class='ocrx_word' id='word_1_111' title='bbox 791 1541 959 1620; x_wconf 91' lang='lat' dir='ltr'><strong>peruenit..</strong></span> <span class='ocrx_word' id='word_1_112' title='bbox 987 1561 1046 1601; x_wconf 93' lang='lat' dir='ltr'><strong>nos</strong></span> <span class='ocrx_word' id='word_1_113' title='bbox 1070 1560 1134 1601; x_wconf 91' lang='lat' dir='ltr'><strong>non</strong></span> <span class='ocrx_word' id='word_1_114' title='bbox 1157 1538 1424 1601; x_wconf 75' lang='lat' dir='ltr'><strong>aduocabimusb</strong></span> 
     </span>
     <span class='ocr_line' id='line_1_13' title="bbox 158 1644 1386 1727; baseline 0.002 -23"><span class='ocrx_word' id='word_1_115' title='bbox 158 1644 357 1724; x_wconf 89' lang='lat' dir='ltr'><strong>patientiam,</strong></span> <span class='ocrx_word' id='word_1_116' title='bbox 388 1665 470 1727; x_wconf 93' lang='lat' dir='ltr'><strong>quos</strong></span> <span class='ocrx_word' id='word_1_117' title='bbox 500 1653 623 1707; x_wconf 92' lang='lat' dir='ltr'><strong>tantum</strong></span> <span class='ocrx_word' id='word_1_118' title='bbox 646 1645 821 1726; x_wconf 90' lang='lat' dir='ltr'><strong>praemium</strong></span> <span class='ocrx_word' id='word_1_119' title='bbox 846 1654 1004 1727; x_wconf 89' lang='lat' dir='ltr'><strong>expectat,</strong></span> <span class='ocrx_word' id='word_1_120' title='bbox 1028 1645 1124 1707; x_wconf 87' lang='lat' dir='ltr'><strong>felicis</strong></span> <span class='ocrx_word' id='word_1_121' title='bbox 1148 1647 1241 1707; x_wconf 93' lang='lat' dir='ltr'><strong>animi</strong></span> <span class='ocrx_word' id='word_1_122' title='bbox 1264 1645 1386 1707; x_wconf 90' lang='lat' dir='ltr'><strong>inmota</strong></span> 
     </span>
     <span class='ocr_line' id='line_1_14' title="bbox 158 1749 1386 1834; baseline 0.002 -23"><span class='ocrx_word' id='word_1_123' title='bbox 158 1749 384 1832; x_wconf 86' lang='lat' dir='ltr'><strong>tranquillitas?</strong></span> <span class='ocrx_word' id='word_1_124' title='bbox 429 1761 582 1834; x_wconf 91' lang='lat' dir='ltr'><strong>quantum</strong></span> <span class='ocrx_word' id='word_1_125' title='bbox 618 1762 666 1815; x_wconf 90' lang='lat' dir='ltr'><strong>est</strong></span> <span class='ocrx_word' id='word_1_126' title='bbox 701 1751 843 1833; x_wconf 86' lang='lat' dir='ltr'><strong>effugere</strong></span> <span class='ocrx_word' id='word_1_127' title='bbox 881 1753 1058 1814; x_wconf 86' lang='lat' dir='ltr'><strong>maximum</strong></span> <span class='ocrx_word' id='word_1_128' title='bbox 1094 1752 1213 1815; x_wconf 91' lang='lat' dir='ltr'><strong>malum</strong></span> <span class='ocrx_word' id='word_1_129' title='bbox 1243 1752 1323 1813; x_wconf 92' lang='lat' dir='ltr'><strong>iram</strong></span> <span class='ocrx_word' id='word_1_130' title='bbox 1342 1759 1386 1813; x_wconf 81' lang='lat' dir='ltr'><strong>&#39;et</strong></span> 
     </span>
     <span class='ocr_line' id='line_1_15' title="bbox 159 1857 1384 1936; baseline 0.001 -18"><span class='ocrx_word' id='word_1_131' title='bbox 159 1877 231 1919; x_wconf 93' lang='lat' dir='ltr'><strong>cum</strong></span> <span class='ocrx_word' id='word_1_132' title='bbox 247 1857 298 1920; x_wconf 88' lang='lat' dir='ltr'><strong>illa</strong></span> <span class='ocrx_word' id='word_1_133' title='bbox 313 1858 441 1935; x_wconf 89' lang='lat' dir='ltr'><strong>rabiem,</strong></span> <span class='ocrx_word' id='word_1_134' title='bbox 465 1860 637 1936; x_wconf 88' lang='lat' dir='ltr'><strong>saeuitiam,</strong></span> <span class='ocrx_word' id='word_1_135' title='bbox 653 1859 879 1935; x_wconf 88' lang='lat' dir='ltr'><strong>crudelitatem,</strong></span> <span class='ocrx_word' id='word_1_136' title='bbox 896 1859 1043 1934; x_wconf 86' lang='lat' dir='ltr'><strong>furorem,</strong></span> <span class='ocrx_word' id='word_1_137' title='bbox 1060 1858 1137 1921; x_wconf 93' lang='lat' dir='ltr'><strong>alios</strong></span> <span class='ocrx_word' id='word_1_138' title='bbox 1153 1859 1287 1920; x_wconf 91' lang='lat' dir='ltr'><strong>comites</strong></span> <span class='ocrx_word' id='word_1_139' title='bbox 1304 1858 1384 1920; x_wconf 91' lang='lat' dir='ltr'><strong>eius?</strong></span> 
     </span>
     <span class='ocr_line' id='line_1_16' title="bbox 120 1964 1386 2049; baseline 0 -24"><span class='ocrx_word' id='word_1_140' title='bbox 120 1984 144 2025; x_wconf 82' lang='lat' dir='ltr'><strong>n</strong></span> <span class='ocrx_word' id='word_1_141' title='bbox 247 1964 331 2027; x_wconf 92' lang='lat' dir='ltr'><strong>Xlll.</strong></span> <span class='ocrx_word' id='word_1_142' title='bbox 361 1965 519 2028; x_wconf 83' lang='lat' dir='ltr'><strong>Adfectus</strong></span> <span class='ocrx_word' id='word_1_143' title='bbox 535 1967 600 2029; x_wconf 89' lang='lat' dir='ltr'><strong>eius</strong></span> <span class='ocrx_word' id='word_1_144' title='bbox 615 1987 680 2028; x_wconf 93' lang='lat' dir='ltr'><strong>non</strong></span> <span class='ocrx_word' id='word_1_145' title='bbox 696 1975 745 2027; x_wconf 90' lang='lat' dir='ltr'><strong>est</strong></span> <span class='ocrx_word' id='word_1_146' title='bbox 760 1967 848 2049; x_wconf 95' lang='lat' dir='ltr'><strong>quod</strong></span> <span class='ocrx_word' id='word_1_147' title='bbox 863 1966 1071 2048; x_wconf 90' lang='lat' dir='ltr'><strong>patrocinium</strong></span> <span class='ocrx_word' id='word_1_148' title='bbox 1087 1965 1178 2026; x_wconf 91' lang='lat' dir='ltr'><strong>nobis</strong></span> <span class='ocrx_word' id='word_1_149' title='bbox 1195 1983 1386 2046; x_wconf 91' lang='lat' dir='ltr'><strong>quaeramus</strong></span> 
     </span>
     <span class='ocr_line' id='line_1_17' title="bbox 158 2061 1386 2148; baseline 0 -18"><span class='ocrx_word' id='word_1_150' title='bbox 158 2077 191 2130; x_wconf 94' lang='lat' dir='ltr'><strong>et</strong></span> <span class='ocrx_word' id='word_1_151' title='bbox 221 2079 406 2133; x_wconf 87' lang='lat' dir='ltr'><strong>excusatam</strong></span> <span class='ocrx_word' id='word_1_152' title='bbox 430 2071 602 2148; x_wconf 88' lang='lat' dir='ltr'><strong>licentiam,</strong></span> <span class='ocrx_word' id='word_1_153' title='bbox 631 2074 772 2135; x_wconf 90' lang='lat' dir='ltr'><strong>dicentes</strong></span> <span class='ocrx_word' id='word_1_154' title='bbox 799 2081 854 2134; x_wconf 92' lang='lat' dir='ltr'><strong>aut</strong></span> <span class='ocrx_word' id='word_1_155' title='bbox 876 2071 951 2134; x_wconf 92' lang='lat' dir='ltr'><strong>utile</strong></span> <span class='ocrx_word' id='word_1_156' title='bbox 972 2073 1005 2134; x_wconf 91' lang='lat' dir='ltr'><strong>id</strong></span> <span class='ocrx_word' id='word_1_157' title='bbox 1028 2092 1098 2134; x_wconf 90' lang='lat' dir='ltr'><strong>esse</strong></span> <span class='ocrx_word' id='word_1_158' title='bbox 1121 2079 1175 2133; x_wconf 90' lang='lat' dir='ltr'><strong>aut</strong></span> <span class='ocrx_word' id='word_1_159' title='bbox 1197 2061 1386 2133; x_wconf 42' lang='lat' dir='ltr'><strong>ineuitab&#39;ile.</strong></span> 
     </span>
     <span class='ocr_line' id='line_1_18' title="bbox 159 2177 1385 2260; baseline 0 -21"><span class='ocrx_word' id='word_1_160' title='bbox 159 2177 208 2239; x_wconf 92' lang='lat' dir='ltr'><strong>cui</strong></span> <span class='ocrx_word' id='word_1_161' title='bbox 230 2178 314 2238; x_wconf 90' lang='lat' dir='ltr'><strong>enim</strong></span> <span class='ocrx_word' id='word_1_162' title='bbox 337 2179 468 2241; x_wconf 89' lang='lat' dir='ltr'><strong>tandem</strong></span> <span class='ocrx_word' id='word_1_163' title='bbox 492 2179 568 2241; x_wconf 89' lang='lat' dir='ltr'><strong>uitio</strong></span> <span class='ocrx_word' id='word_1_164' title='bbox 592 2180 765 2241; x_wconf 91' lang='lat' dir='ltr'><strong>aduocatus</strong></span> <span class='ocrx_word' id='word_1_165' title='bbox 788 2178 904 2241; x_wconf 91' lang='lat' dir='ltr'><strong>defuit?</strong></span> <span class='ocrx_word' id='word_1_166' title='bbox 942 2199 1007 2240; x_wconf 93' lang='lat' dir='ltr'><strong>non</strong></span> <span class='ocrx_word' id='word_1_167' title='bbox 1035 2179 1194 2260; x_wconf 89' lang='lat' dir='ltr'><strong>estquod</strong></span> <span class='ocrx_word' id='word_1_168' title='bbox 1218 2178 1305 2240; x_wconf 89' lang='lat' dir='ltr'><strong>dicas</strong></span> <span class='ocrx_word' id='word_1_169' title='bbox 1330 2197 1385 2239; x_wconf 86' lang='lat' dir='ltr'><strong>ex-</strong></span> 
     </span>
     <span class='ocr_line' id='line_1_19' title="bbox 158 2283 1386 2366; baseline 0 -22"><span class='ocrx_word' id='word_1_170' title='bbox 158 2284 219 2346; x_wconf 93' lang='lat' dir='ltr'><strong>cidi</strong></span> <span class='ocrx_word' id='word_1_171' title='bbox 256 2304 322 2346; x_wconf 92' lang='lat' dir='ltr'><strong>non</strong></span> <span class='ocrx_word' id='word_1_172' title='bbox 358 2305 462 2366; x_wconf 88' lang='lat' dir='ltr'><strong>posse.</strong></span> <span class='ocrx_word' id='word_1_173' title='bbox 508 2285 698 2348; x_wconf 90' lang='lat' dir='ltr'><strong>sanabilibus</strong></span> <span class='ocrx_word' id='word_1_174' title='bbox 736 2293 939 2366; x_wconf 90' lang='lat' dir='ltr'><strong>aegrotamus</strong></span> <span class='ocrx_word' id='word_1_175' title='bbox 977 2283 1067 2346; x_wconf 92' lang='lat' dir='ltr'><strong>malis</strong></span> <span class='ocrx_word' id='word_1_176' title='bbox 1097 2285 1227 2366; x_wconf 90' lang='lat' dir='ltr'><strong>ipsaque</strong></span> <span class='ocrx_word' id='word_1_177' title='bbox 1257 2305 1318 2347; x_wconf 93' lang='lat' dir='ltr'><strong>nos</strong></span> <span class='ocrx_word' id='word_1_178' title='bbox 1356 2284 1386 2344; x_wconf 91' lang='lat' dir='ltr'><strong>in</strong></span> 
     </span>
     <span class='ocr_line' id='line_1_20' title="bbox 158 2390 1385 2473; baseline 0 -21"><span class='ocrx_word' id='word_1_179' title='bbox 158 2399 280 2453; x_wconf 90' lang='lat' dir='ltr'><strong>rectum</strong></span> <span class='ocrx_word' id='word_1_180' title='bbox 304 2391 429 2472; x_wconf 88' lang='lat' dir='ltr'><strong>genitos</strong></span> <span class='ocrx_word' id='word_1_181' title='bbox 452 2398 571 2467; x_wconf 90' lang='lat' dir='ltr'><strong>natura,</strong></span> <span class='ocrx_word' id='word_1_182' title='bbox 594 2393 620 2453; x_wconf 94' lang='lat' dir='ltr'><strong>si</strong></span> <span class='ocrx_word' id='word_1_183' title='bbox 643 2392 805 2454; x_wconf 91' lang='lat' dir='ltr'><strong>emendari</strong></span> <span class='ocrx_word' id='word_1_184' title='bbox 821 2390 961 2466; x_wconf 92' lang='lat' dir='ltr'><strong>uelimus,</strong></span> <span class='ocrx_word' id='word_1_185' title='bbox 984 2391 1078 2454; x_wconf 89' lang='lat' dir='ltr'><strong>iuuat.</strong></span> <span class='ocrx_word' id='word_1_186' title='bbox 1116 2411 1183 2465; x_wconf 89' lang='lat' dir='ltr'><strong>nec,</strong></span> <span class='ocrx_word' id='word_1_187' title='bbox 1206 2400 1241 2452; x_wconf 93' lang='lat' dir='ltr'><strong>ut</strong></span> <span class='ocrx_word' id='word_1_188' title='bbox 1257 2391 1385 2473; x_wconf 89' lang='lat' dir='ltr'><strong>quibus-</strong></span> 
     </span>
     <span class='ocr_line' id='line_1_21' title="bbox 118 2493 1389 2579; baseline 0.003 -24"><span class='ocrx_word' id='word_1_189' title='bbox 118 2513 144 2555; x_wconf 63' lang='grc' dir='ltr'><strong>πο</strong></span> <span class='ocrx_word' id='word_1_190' title='bbox 159 2498 234 2558; x_wconf 93' lang='lat' dir='ltr'><strong>dam</strong></span> <span class='ocrx_word' id='word_1_191' title='bbox 265 2497 366 2560; x_wconf 91' lang='lat' dir='ltr'><strong>uisum</strong></span> <span class='ocrx_word' id='word_1_192' title='bbox 389 2505 453 2575; x_wconf 90' lang='lat' dir='ltr'><strong>est,</strong></span> <span class='ocrx_word' id='word_1_193' title='bbox 484 2500 618 2560; x_wconf 91' lang='lat' dir='ltr'><strong>arduum</strong></span> <span class='ocrx_word' id='word_1_194' title='bbox 649 2499 680 2558; x_wconf 93' lang='lat' dir='ltr'><strong>in</strong></span> <span class='ocrx_word' id='word_1_195' title='bbox 712 2498 842 2559; x_wconf 89' lang='lat' dir='ltr'><strong>uirtutes</strong></span> <span class='ocrx_word' id='word_1_196' title='bbox 870 2504 902 2560; x_wconf 90' lang='lat' dir='ltr'><strong>et</strong></span> <span class='ocrx_word' id='word_1_197' title='bbox 930 2516 1077 2579; x_wconf 88' lang='lat' dir='ltr'><strong>asperum</strong></span> <span class='ocrx_word' id='word_1_198' title='bbox 1100 2493 1159 2559; x_wconf 88' lang='lat' dir='ltr'><strong>iter</strong></span> <span class='ocrx_word' id='word_1_199' title='bbox 1181 2505 1246 2561; x_wconf 86' lang='lat' dir='ltr'><strong>est:</strong></span> <span class='ocrx_word' id='word_1_200' title='bbox 1288 2496 1389 2579; x_wconf 90' lang='lat' dir='ltr'><strong>plano</strong></span> 
     </span>
     <span class='ocr_line' id='line_1_22' title="bbox 121 2603 1429 2674; baseline -0.003 -10"><span class='ocrx_word' id='word_1_201' title='bbox 121 2662 124 2674; x_wconf 78' lang='grc'><strong>,</strong></span> <span class='ocrx_word' id='word_1_202' title='bbox 158 2604 319 2667; x_wconf 92' lang='lat' dir='ltr'><strong>adeuntur.</strong></span> <span class='ocrx_word' id='word_1_203' title='bbox 358 2624 423 2665; x_wconf 94' lang='lat' dir='ltr'><strong>non</strong></span> <span class='ocrx_word' id='word_1_204' title='bbox 446 2624 546 2666; x_wconf 92' lang='lat' dir='ltr'><strong>uanae</strong></span> <span class='ocrx_word' id='word_1_205' title='bbox 569 2603 661 2666; x_wconf 92' lang='lat' dir='ltr'><strong>uobis</strong></span> <span class='ocrx_word' id='word_1_206' title='bbox 684 2612 794 2666; x_wconf 88' lang='lat' dir='ltr'><strong>auctor</strong></span> <span class='ocrx_word' id='word_1_207' title='bbox 817 2603 861 2665; x_wconf 89' lang='lat' dir='ltr'><strong>rei</strong></span> <span class='ocrx_word' id='word_1_208' title='bbox 884 2603 983 2666; x_wconf 83' lang='lat' dir='ltr'><strong>uenio</strong></span> <span class='ocrx_word' id='word_1_209' title='bbox 1022 2603 1118 2665; x_wconf 87' lang='lat' dir='ltr'><strong>facilis</strong></span> <span class='ocrx_word' id='word_1_210' title='bbox 1135 2612 1183 2665; x_wconf 88' lang='lat' dir='ltr'><strong>est</strong></span> <span class='ocrx_word' id='word_1_211' title='bbox 1198 2603 1239 2665; x_wconf 92' lang='lat' dir='ltr'><strong>ad</strong></span> <span class='ocrx_word' id='word_1_212' title='bbox 1254 2603 1429 2666; x_wconf 79' lang='lat' dir='ltr'><strong>beatam2</strong></span> 
     </span>
     <span class='ocr_line' id='line_1_23' title="bbox 158 2709 1388 2791; baseline -0.002 -19"><span class='ocrx_word' id='word_1_213' title='bbox 158 2711 256 2787; x_wconf 87' lang='lat' dir='ltr'><strong>uitam</strong></span> <span class='ocrx_word' id='word_1_214' title='bbox 279 2712 345 2773; x_wconf 90' lang='lat' dir='ltr'><strong>uia:</strong></span> <span class='ocrx_word' id='word_1_215' title='bbox 379 2711 454 2772; x_wconf 88' lang='lat' dir='ltr'><strong>inite</strong></span> <span class='ocrx_word' id='word_1_216' title='bbox 477 2711 576 2773; x_wconf 95' lang='lat' dir='ltr'><strong>modo</strong></span> <span class='ocrx_word' id='word_1_217' title='bbox 600 2710 692 2772; x_wconf 93' lang='lat' dir='ltr'><strong>bonis</strong></span> <span class='ocrx_word' id='word_1_218' title='bbox 716 2709 858 2790; x_wconf 85' lang='lat' dir='ltr'><strong>auspiciis</strong></span> <span class='ocrx_word' id='word_1_219' title='bbox 881 2710 1018 2791; x_wconf 90' lang='lat' dir='ltr'><strong>ipsisque</strong></span> <span class='ocrx_word' id='word_1_220' title='bbox 1033 2709 1080 2771; x_wconf 93' lang='lat' dir='ltr'><strong>dis</strong></span> <span class='ocrx_word' id='word_1_221' title='bbox 1099 2709 1182 2772; x_wconf 90' lang='lat' dir='ltr'><strong>bene</strong></span> <span class='ocrx_word' id='word_1_222' title='bbox 1197 2710 1388 2773; x_wconf 86' lang='lat' dir='ltr'><strong>iuuantibus.</strong></span> 
     </span>
     <span class='ocr_line' id='line_1_24' title="bbox 159 2810 1384 2909; baseline 0.002 -31"><span class='ocrx_word' id='word_1_223' title='bbox 159 2814 260 2909; x_wconf 86' lang='lat' dir='ltr'><strong>multo</strong></span> <span class='ocrx_word' id='word_1_224' title='bbox 284 2815 435 2879; x_wconf 88' lang='lat' dir='ltr'><strong>difficilius</strong></span> <span class='ocrx_word' id='word_1_225' title='bbox 459 2810 507 2879; x_wconf 85' lang='lat' dir='ltr'><strong>est</strong></span> <span class='ocrx_word' id='word_1_226' title='bbox 529 2816 633 2879; x_wconf 88' lang='lat' dir='ltr'><strong>facere</strong></span> <span class='ocrx_word' id='word_1_227' title='bbox 655 2818 715 2878; x_wconf 90' lang='lat' dir='ltr'><strong>ista</strong></span> <span class='ocrx_word' id='word_1_228' title='bbox 737 2836 819 2898; x_wconf 90' lang='lat' dir='ltr'><strong>quae</strong></span> <span class='ocrx_word' id='word_1_229' title='bbox 841 2816 948 2878; x_wconf 87' lang='lat' dir='ltr'><strong>facitis.</strong></span> <span class='ocrx_word' id='word_1_230' title='bbox 991 2817 1067 2897; x_wconf 94' lang='lat' dir='ltr'><strong>quid</strong></span> <span class='ocrx_word' id='word_1_231' title='bbox 1091 2825 1139 2878; x_wconf 89' lang='lat' dir='ltr'><strong>est</strong></span> <span class='ocrx_word' id='word_1_232' title='bbox 1162 2817 1257 2878; x_wconf 90' lang='lat' dir='ltr'><strong>animi</strong></span> <span class='ocrx_word' id='word_1_233' title='bbox 1280 2818 1384 2898; x_wconf 89' lang='lat' dir='ltr'><strong>quiete</strong></span> 
     </span>
     <span class='ocr_line' id='line_1_25' title="bbox 159 2911 1383 3004; baseline 0.002 -20"><span class='ocrx_word' id='word_1_234' title='bbox 159 2923 297 2999; x_wconf 91' lang='lat' dir='ltr'><strong>otiosius,</strong></span> <span class='ocrx_word' id='word_1_235' title='bbox 321 2924 396 3004; x_wconf 93' lang='lat' dir='ltr'><strong>quid</strong></span> <span class='ocrx_word' id='word_1_236' title='bbox 419 2923 464 2985; x_wconf 90' lang='lat' dir='ltr'><strong>ira</strong></span> <span class='ocrx_word' id='word_1_237' title='bbox 478 2922 683 2985; x_wconf 86' lang='lat' dir='ltr'><strong>laboriosius?</strong></span> <span class='ocrx_word' id='word_1_238' title='bbox 720 2922 796 3004; x_wconf 93' lang='lat' dir='ltr'><strong>quid</strong></span> <span class='ocrx_word' id='word_1_239' title='bbox 812 2921 977 2984; x_wconf 88' lang='lat' dir='ltr'><strong>clementia</strong></span> <span class='ocrx_word' id='word_1_240' title='bbox 993 2911 1158 2998; x_wconf 86' lang='lat' dir='ltr'><strong>remissius,</strong></span> <span class='ocrx_word' id='word_1_241' title='bbox 1181 2923 1258 3003; x_wconf 95' lang='lat' dir='ltr'><strong>quid</strong></span> <span class='ocrx_word' id='word_1_242' title='bbox 1274 2924 1383 2986; x_wconf 90' lang='lat' dir='ltr'><strong>crude·</strong></span> 
     </span>
     <span class='ocr_line' id='line_1_26' title="bbox 118 3027 1390 3110; baseline 0.001 -18"><span class='ocrx_word' id='word_1_243' title='bbox 118 3051 145 3093; x_wconf 76' lang='lat' dir='ltr'><strong>aa</strong></span> <span class='ocrx_word' id='word_1_244' title='bbox 158 3028 247 3092; x_wconf 90' lang='lat' dir='ltr'><strong>litate</strong></span> <span class='ocrx_word' id='word_1_245' title='bbox 262 3029 476 3110; x_wconf 82' lang='lat' dir='ltr'><strong>negotiosius?</strong></span> <span class='ocrx_word' id='word_1_246' title='bbox 500 3038 592 3091; x_wconf 88' lang='lat' dir='ltr'><strong>uacat</strong></span> <span class='ocrx_word' id='word_1_247' title='bbox 607 3027 764 3110; x_wconf 87' lang='lat' dir='ltr'><strong>pudicitia,</strong></span> <span class='ocrx_word' id='word_1_248' title='bbox 780 3027 878 3090; x_wconf 90' lang='lat' dir='ltr'><strong>libido</strong></span> <span class='ocrx_word' id='word_1_249' title='bbox 895 3029 1137 3110; x_wconf 87' lang='lat' dir='ltr'><strong>occupatissima</strong></span> <span class='ocrx_word' id='word_1_250' title='bbox 1152 3039 1208 3091; x_wconf 89' lang='lat' dir='ltr'><strong>est.</strong></span> <span class='ocrx_word' id='word_1_251' title='bbox 1241 3030 1390 3094; x_wconf 20' lang='lat' dir='ltr'><strong>omnium,</strong></span> 
     </span>
     <span class='ocr_line' id='line_1_27' title="bbox 160 3133 1419 3218; baseline 0.001 -20"><span class='ocrx_word' id='word_1_252' title='bbox 160 3136 295 3218; x_wconf 93' lang='lat' dir='ltr'><strong>denique</strong></span> <span class='ocrx_word' id='word_1_253' title='bbox 325 3136 474 3198; x_wconf 88' lang='lat' dir='ltr'><strong>uirtutum</strong></span> <span class='ocrx_word' id='word_1_254' title='bbox 504 3135 603 3198; x_wconf 89' lang='lat' dir='ltr'><strong>tutela</strong></span> <span class='ocrx_word' id='word_1_255' title='bbox 635 3134 730 3196; x_wconf 90' lang='lat' dir='ltr'><strong>facilis</strong></span> <span class='ocrx_word' id='word_1_256' title='bbox 753 3143 818 3210; x_wconf 89' lang='lat' dir='ltr'><strong>est,</strong></span> <span class='ocrx_word' id='word_1_257' title='bbox 849 3135 923 3196; x_wconf 91' lang='lat' dir='ltr'><strong>uitia</strong></span> <span class='ocrx_word' id='word_1_258' title='bbox 944 3155 1064 3216; x_wconf 92' lang='lat' dir='ltr'><strong>magno</strong></span> <span class='ocrx_word' id='word_1_259' title='bbox 1089 3133 1240 3197; x_wconf 88' lang='lat' dir='ltr'><strong>coluntur.</strong></span> <span class='ocrx_word' id='word_1_260' title='bbox 1286 3136 1419 3199; x_wconf 66' lang='lat' dir='ltr'><strong>debet?</strong></span> 
     </span>
     <span class='ocr_line' id='line_1_28' title="bbox 158 3241 1400 3332; baseline 0.003 -31"><span class='ocrx_word' id='word_1_261' title='bbox 158 3241 204 3304; x_wconf 89' lang='lat' dir='ltr'><strong>ira</strong></span> <span class='ocrx_word' id='word_1_262' title='bbox 226 3242 389 3303; x_wconf 90' lang='lat' dir='ltr'><strong>remoueri.</strong></span> <span class='ocrx_word' id='word_1_263' title='bbox 428 3241 492 3304; x_wconf 93' lang='lat' dir='ltr'><strong>hoc</strong></span> <span class='ocrx_word' id='word_1_264' title='bbox 513 3262 556 3303; x_wconf 84' lang='lat' dir='ltr'><strong>ex</strong></span> <span class='ocrx_word' id='word_1_265' title='bbox 578 3252 668 3324; x_wconf 89' lang='lat' dir='ltr'><strong>parte</strong></span> <span class='ocrx_word' id='word_1_266' title='bbox 691 3241 829 3303; x_wconf 90' lang='lat' dir='ltr'><strong>fatentur</strong></span> <span class='ocrx_word' id='word_1_267' title='bbox 851 3242 947 3302; x_wconf 90' lang='lat' dir='ltr'><strong>etiam</strong></span> <span class='ocrx_word' id='word_1_268' title='bbox 963 3242 1015 3323; x_wconf 97' lang='lat' dir='ltr'><strong>qui</strong></span> <span class='ocrx_word' id='word_1_269' title='bbox 1031 3242 1139 3303; x_wconf 93' lang='lat' dir='ltr'><strong>dicunt</strong></span> <span class='ocrx_word' id='word_1_270' title='bbox 1157 3261 1226 3303; x_wconf 90' lang='lat' dir='ltr'><strong>esse</strong></span> <span class='ocrx_word' id='word_1_271' title='bbox 1243 3242 1400 3332; x_wconf 32' lang='lat' dir='ltr'><strong>minuen-</strong></span> 
     </span>
     <span class='ocr_line' id='line_1_29' title="bbox 159 3340 1429 3430; baseline 0.001 -21"><span class='ocrx_word' id='word_1_272' title='bbox 159 3349 253 3410; x_wconf 87' lang='lat' dir='ltr'><strong>dam:</strong></span> <span class='ocrx_word' id='word_1_273' title='bbox 287 3356 357 3410; x_wconf 86' lang='lat' dir='ltr'><strong>tota</strong></span> <span class='ocrx_word' id='word_1_274' title='bbox 379 3348 561 3423; x_wconf 87' lang='lat' dir='ltr'><strong>dimittatur,</strong></span> <span class='ocrx_word' id='word_1_275' title='bbox 585 3347 659 3409; x_wconf 93' lang='lat' dir='ltr'><strong>nihil</strong></span> <span class='ocrx_word' id='word_1_276' title='bbox 681 3345 844 3430; x_wconf 87' lang='lat' dir='ltr'><strong>profutura</strong></span> <span class='ocrx_word' id='word_1_277' title='bbox 866 3358 922 3410; x_wconf 92' lang='lat' dir='ltr'><strong>est.</strong></span> <span class='ocrx_word' id='word_1_278' title='bbox 960 3349 1027 3410; x_wconf 92' lang='lat' dir='ltr'><strong>sine</strong></span> <span class='ocrx_word' id='word_1_279' title='bbox 1049 3347 1100 3409; x_wconf 96' lang='lat' dir='ltr'><strong>illa</strong></span> <span class='ocrx_word' id='word_1_280' title='bbox 1123 3345 1239 3409; x_wconf 92' lang='lat' dir='ltr'><strong>facilius</strong></span> <span class='ocrx_word' id='word_1_281' title='bbox 1258 3351 1388 3412; x_wconf 81' lang='lat' dir='ltr'><strong>rectius·</strong></span> <span class='ocrx_word' id='word_1_282' title='bbox 1427 3340 1429 3350; x_wconf 77' lang='lat'>&#39;</span> 
     </span>
     <span class='ocr_line' id='line_1_30' title="bbox 159 3452 1392 3536; baseline 0.002 -20"><span class='ocrx_word' id='word_1_283' title='bbox 159 3475 221 3536; x_wconf 93' lang='lat' dir='ltr'><strong>que</strong></span> <span class='ocrx_word' id='word_1_284' title='bbox 251 3453 369 3516; x_wconf 89' lang='lat' dir='ltr'><strong>scelera</strong></span> <span class='ocrx_word' id='word_1_285' title='bbox 399 3452 560 3530; x_wconf 91' lang='lat' dir='ltr'><strong>tollentur,</strong></span> <span class='ocrx_word' id='word_1_286' title='bbox 592 3453 666 3516; x_wconf 91' lang='lat' dir='ltr'><strong>mali</strong></span> <span class='ocrx_word' id='word_1_287' title='bbox 695 3455 862 3535; x_wconf 91' lang='lat' dir='ltr'><strong>punientur</strong></span> <span class='ocrx_word' id='word_1_288' title='bbox 890 3463 922 3516; x_wconf 90' lang='lat' dir='ltr'><strong>et</strong></span> <span class='ocrx_word' id='word_1_289' title='bbox 949 3455 1190 3516; x_wconf 87' lang='lat' dir='ltr'><strong>transducentur</strong></span> <span class='ocrx_word' id='word_1_290' title='bbox 1211 3453 1243 3514; x_wconf 92' lang='lat' dir='ltr'><strong>in</strong></span> <span class='ocrx_word' id='word_1_291' title='bbox 1267 3453 1392 3519; x_wconf 87' lang='lat' dir='ltr'><strong>melius.</strong></span> 
     </span>
     <span class='ocr_line' id='line_1_31' title="bbox 118 3559 1393 3643; baseline 0.003 -22"><span class='ocrx_word' id='word_1_292' title='bbox 118 3581 145 3622; x_wconf 86' lang='lat'><strong>30</strong></span> <span class='ocrx_word' id='word_1_293' title='bbox 160 3560 267 3622; x_wconf 92' lang='lat' dir='ltr'><strong>omnia</strong></span> <span class='ocrx_word' id='word_1_294' title='bbox 296 3581 378 3643; x_wconf 92' lang='lat' dir='ltr'><strong>quae</strong></span> <span class='ocrx_word' id='word_1_295' title='bbox 409 3559 507 3623; x_wconf 90' lang='lat' dir='ltr'><strong>debet</strong></span> <span class='ocrx_word' id='word_1_296' title='bbox 537 3561 660 3643; x_wconf 91' lang='lat' dir='ltr'><strong>sapiens</strong></span> <span class='ocrx_word' id='word_1_297' title='bbox 683 3562 749 3622; x_wconf 89' lang='lat' dir='ltr'><strong>sine</strong></span> <span class='ocrx_word' id='word_1_298' title='bbox 772 3559 862 3622; x_wconf 93' lang='lat' dir='ltr'><strong>ullius</strong></span> <span class='ocrx_word' id='word_1_299' title='bbox 885 3559 987 3623; x_wconf 92' lang='lat' dir='ltr'><strong>malae</strong></span> <span class='ocrx_word' id='word_1_300' title='bbox 1011 3561 1054 3622; x_wconf 91' lang='lat' dir='ltr'><strong>rei</strong></span> <span class='ocrx_word' id='word_1_301' title='bbox 1077 3559 1249 3621; x_wconf 91' lang='lat' dir='ltr'><strong>ministerio</strong></span> <span class='ocrx_word' id='word_1_302' title='bbox 1272 3559 1393 3626; x_wconf 88' lang='lat' dir='ltr'><strong>efficiet</strong></span> 
     </span>
     <span class='ocr_line' id='line_1_32' title="bbox 160 3650 1144 3749; baseline -0.002 -21"><span class='ocrx_word' id='word_1_303' title='bbox 160 3666 297 3749; x_wconf 89' lang='lat' dir='ltr'><strong>nihilque</strong></span> <span class='ocrx_word' id='word_1_304' title='bbox 319 3650 515 3744; x_wconf 91' lang='lat' dir='ltr'><strong>admiscebit,</strong></span> <span class='ocrx_word' id='word_1_305' title='bbox 539 3668 624 3731; x_wconf 93' lang='lat' dir='ltr'><strong>cuius</strong></span> <span class='ocrx_word' id='word_1_306' title='bbox 648 3669 782 3730; x_wconf 92' lang='lat' dir='ltr'><strong>modum</strong></span> <span class='ocrx_word' id='word_1_307' title='bbox 806 3666 963 3729; x_wconf 91' lang='lat' dir='ltr'><strong>sollicitius</strong></span> <span class='ocrx_word' id='word_1_308' title='bbox 986 3666 1144 3729; x_wconf 88' lang='lat' dir='ltr'><strong>obseruet.</strong></span> 
     </span>
     <span class='ocr_line' id='line_1_33' title="bbox 248 3772 1429 3856; baseline -0.002 -21"><span class='ocrx_word' id='word_1_309' title='bbox 248 3773 336 3836; x_wconf 86' lang='lat' dir='ltr'><strong>XlV.</strong></span> <span class='ocrx_word' id='word_1_310' title='bbox 368 3773 550 3856; x_wconf 92' lang='lat' dir='ltr'><strong>Numquam</strong></span> <span class='ocrx_word' id='word_1_311' title='bbox 583 3775 689 3856; x_wconf 91' lang='lat' dir='ltr'><strong>itaque</strong></span> <span class='ocrx_word' id='word_1_312' title='bbox 718 3775 879 3837; x_wconf 92' lang='lat' dir='ltr'><strong>iracundia</strong></span> <span class='ocrx_word' id='word_1_313' title='bbox 901 3774 1100 3836; x_wconf 90' lang='lat' dir='ltr'><strong>admittenda</strong></span> <span class='ocrx_word' id='word_1_314' title='bbox 1123 3781 1186 3847; x_wconf 90' lang='lat' dir='ltr'><strong>est,</strong></span> <span class='ocrx_word' id='word_1_315' title='bbox 1216 3772 1429 3854; x_wconf 87' lang='lat' dir='ltr'><strong>aliquandol</strong></span> 
     </span>
     <span class='ocr_line' id='line_1_34' title="bbox 132 3879 1395 3961; baseline 0.002 -20"><span class='ocrx_word' id='word_1_316' title='bbox 132 3932 137 3940; x_wconf 85' lang='lat'><strong>.</strong></span> <span class='ocrx_word' id='word_1_317' title='bbox 160 3879 345 3955; x_wconf 91' lang='lat' dir='ltr'><strong>simulanda,</strong></span> <span class='ocrx_word' id='word_1_318' title='bbox 368 3880 394 3941; x_wconf 92' lang='lat' dir='ltr'><strong>si</strong></span> <span class='ocrx_word' id='word_1_319' title='bbox 416 3900 531 3961; x_wconf 89' lang='lat' dir='ltr'><strong>segnes</strong></span> <span class='ocrx_word' id='word_1_320' title='bbox 553 3880 745 3943; x_wconf 91' lang='lat' dir='ltr'><strong>audientium</strong></span> <span class='ocrx_word' id='word_1_321' title='bbox 769 3880 864 3941; x_wconf 90' lang='lat' dir='ltr'><strong>animi</strong></span> <span class='ocrx_word' id='word_1_322' title='bbox 887 3880 1063 3942; x_wconf 90' lang='lat' dir='ltr'><strong>concitandi</strong></span> <span class='ocrx_word' id='word_1_323' title='bbox 1087 3889 1168 3954; x_wconf 92' lang='lat' dir='ltr'><strong>sunt,</strong></span> <span class='ocrx_word' id='word_1_324' title='bbox 1192 3880 1271 3941; x_wconf 91' lang='lat' dir='ltr'><strong>sicut</strong></span> <span class='ocrx_word' id='word_1_325' title='bbox 1295 3883 1395 3944; x_wconf 89' lang='lat' dir='ltr'><strong>tarde</strong></span> 
     </span>
     <span class='ocr_line' id='line_1_35' title="bbox 160 3985 1394 4069; baseline 0.001 -20"><span class='ocrx_word' id='word_1_326' title='bbox 160 3997 386 4069; x_wconf 89' lang='lat' dir='ltr'><strong>consurgentes</strong></span> <span class='ocrx_word' id='word_1_327' title='bbox 402 3987 443 4049; x_wconf 95' lang='lat' dir='ltr'><strong>ad</strong></span> <span class='ocrx_word' id='word_1_328' title='bbox 459 4007 584 4049; x_wconf 93' lang='lat' dir='ltr'><strong>cursum</strong></span> <span class='ocrx_word' id='word_1_329' title='bbox 600 4007 699 4067; x_wconf 91' lang='lat' dir='ltr'><strong>equos</strong></span> <span class='ocrx_word' id='word_1_330' title='bbox 715 3986 847 4048; x_wconf 92' lang='lat' dir='ltr'><strong>stimulis</strong></span> <span class='ocrx_word' id='word_1_331' title='bbox 862 3985 1044 4066; x_wconf 88' lang='lat' dir='ltr'><strong>facibusque</strong></span> <span class='ocrx_word' id='word_1_332' title='bbox 1053 3987 1186 4049; x_wconf 92' lang='lat' dir='ltr'><strong>subditis</strong></span> <span class='ocrx_word' id='word_1_333' title='bbox 1201 3986 1394 4050; x_wconf 88' lang='lat' dir='ltr'><strong>excitamus.</strong></span> 
     </span>
    </p>
   </div>
   <div class='ocr_carea' id='block_1_3' title="bbox 156 4162 1396 4496">
    <p class='ocr_par' dir='ltr' id='par_1_3' title="bbox 156 4162 1396 4496">
     <span class='ocr_line' id='line_1_36' title="bbox 156 4162 1396 4233; baseline 0.003 -21"><span class='ocrx_word' id='word_1_334' title='bbox 156 4164 176 4215; x_wconf 74' lang='lat'><strong>3</strong></span> <span class='ocrx_word' id='word_1_335' title='bbox 196 4166 221 4212; x_wconf 89' lang='lat' dir='ltr'><strong>in</strong></span> <span class='ocrx_word' id='word_1_336' title='bbox 240 4166 362 4216; x_wconf 71' lang='lat' dir='ltr'><strong>immensa</strong></span> <span class='ocrx_word' id='word_1_337' title='bbox 381 4165 532 4214; x_wconf 74' lang='lat' dir='ltr'><strong>altitudinem</strong></span> <span class='ocrx_word' id='word_1_338' title='bbox 552 4163 581 4228; x_wconf 83' lang='lat' dir='ltr'><strong>(s.</strong></span> <span class='ocrx_word' id='word_1_339' title='bbox 601 4164 676 4212; x_wconf 91' lang='lat' dir='ltr'><strong>maris</strong></span> <span class='ocrx_word' id='word_1_340' title='bbox 694 4177 834 4233; x_wconf 79' lang='lat' dir='ltr'><strong>suprascr.</strong></span> <span class='ocrx_word' id='word_1_341' title='bbox 854 4177 888 4214; x_wconf 84' lang='lat' dir='ltr'><strong>m.</strong></span> <span class='ocrx_word' id='word_1_342' title='bbox 907 4162 973 4228; x_wconf 85' lang='lat' dir='ltr'><strong>rec.)</strong></span> <span class='ocrx_word' id='word_1_343' title='bbox 1052 4162 1182 4214; x_wconf 73' lang='lat' dir='ltr'><strong>tlsarcine</strong></span> <span class='ocrx_word' id='word_1_344' title='bbox 1259 4165 1396 4216; x_wconf 81' lang='lat' dir='ltr'><strong>sumittere</strong></span> 
     </span>
     <span class='ocr_line' id='line_1_37' title="bbox 164 4242 1395 4320; baseline -0.001 -15"><span class='ocrx_word' id='word_1_345' title='bbox 164 4252 170 4262; x_wconf 72' lang='lat'><strong>⁴</strong></span> <span class='ocrx_word' id='word_1_346' title='bbox 241 4254 271 4305; x_wconf 79' lang='lat' dir='ltr'><strong>lh</strong></span> <span class='ocrx_word' id='word_1_347' title='bbox 292 4256 390 4304; x_wconf 78' lang='lat' dir='ltr'><strong>affectus</strong></span> <span class='ocrx_word' id='word_1_348' title='bbox 410 4254 432 4318; x_wconf 80' lang='lat' dir='ltr'><strong>(f</strong></span> <span class='ocrx_word' id='word_1_349' title='bbox 445 4252 525 4320; x_wconf 75' lang='lat' dir='ltr'><strong>prior</strong></span> <span class='ocrx_word' id='word_1_350' title='bbox 544 4255 626 4317; x_wconf 82' lang='lat' dir='ltr'><strong>corr.)</strong></span> <span class='ocrx_word' id='word_1_351' title='bbox 712 4251 746 4304; x_wconf 82' lang='lat'><strong>20</strong></span> <span class='ocrx_word' id='word_1_352' title='bbox 765 4252 885 4303; x_wconf 85' lang='lat' dir='ltr'><strong>inuirtute.</strong></span> <span class='ocrx_word' id='word_1_353' title='bbox 905 4266 916 4299; x_wconf 95' lang='lat' dir='ltr'><strong>s</strong></span> <span class='ocrx_word' id='word_1_354' title='bbox 923 4268 929 4309; x_wconf 93' lang='lat'>;</span> <span class='ocrx_word' id='word_1_355' title='bbox 952 4251 974 4318; x_wconf 88' lang='lat'><strong>(.</strong></span> <span class='ocrx_word' id='word_1_356' title='bbox 987 4266 1014 4307; x_wconf 90' lang='lat' dir='ltr'><strong>s;</strong></span> <span class='ocrx_word' id='word_1_357' title='bbox 1035 4249 1063 4302; x_wconf 81' lang='lat' dir='ltr'><strong>in</strong></span> <span class='ocrx_word' id='word_1_358' title='bbox 1082 4250 1149 4315; x_wconf 82' lang='lat' dir='ltr'><strong>ras.)</strong></span> <span class='ocrx_word' id='word_1_359' title='bbox 1230 4242 1294 4299; x_wconf 73' lang='lat' dir='ltr'><strong>est³³</strong></span> <span class='ocrx_word' id='word_1_360' title='bbox 1315 4253 1395 4317; x_wconf 85' lang='lat' dir='ltr'><strong>plano</strong></span> 
     </span>
     <span class='ocr_line' id='line_1_38' title="bbox 156 4337 1395 4410; baseline -0.001 -18"><span class='ocrx_word' id='word_1_361' title='bbox 156 4341 197 4410; x_wconf 46' lang='lat' dir='ltr'><strong>¹(ss</strong></span> <span class='ocrx_word' id='word_1_362' title='bbox 219 4339 242 4394; x_wconf 77' lang='lat' dir='ltr'><strong>l.</strong></span> <span class='ocrx_word' id='word_1_363' title='bbox 263 4359 285 4396; x_wconf 82' lang='lat' dir='ltr'><strong>e.</strong></span> <span class='ocrx_word' id='word_1_364' title='bbox 304 4343 347 4392; x_wconf 89' lang='lat' dir='ltr'><strong>sed</strong></span> <span class='ocrx_word' id='word_1_365' title='bbox 372 4355 515 4408; x_wconf 69' lang='lat' dir='ltr'><strong>summor.</strong></span> <span class='ocrx_word' id='word_1_366' title='bbox 540 4356 574 4394; x_wconf 87' lang='lat' dir='ltr'><strong>m.</strong></span> <span class='ocrx_word' id='word_1_367' title='bbox 600 4341 665 4406; x_wconf 83' lang='lat' dir='ltr'><strong>rec.)</strong></span> <span class='ocrx_word' id='word_1_368' title='bbox 780 4338 814 4391; x_wconf 85' lang='lat'><strong>30</strong></span> <span class='ocrx_word' id='word_1_369' title='bbox 839 4339 905 4389; x_wconf 86' lang='lat' dir='ltr'><strong>male</strong></span> <span class='ocrx_word' id='word_1_370' title='bbox 930 4339 955 4404; x_wconf 89' lang='lat' dir='ltr'><strong>(e</strong></span> <span class='ocrx_word' id='word_1_371' title='bbox 972 4337 999 4390; x_wconf 78' lang='lat' dir='ltr'><strong>in</strong></span> <span class='ocrx_word' id='word_1_372' title='bbox 1019 4337 1087 4405; x_wconf 82' lang='lat' dir='ltr'><strong>rus.)</strong></span> <span class='ocrx_word' id='word_1_373' title='bbox 1195 4337 1228 4390; x_wconf 80' lang='lat'><strong>31</strong></span> <span class='ocrx_word' id='word_1_374' title='bbox 1255 4341 1395 4392; x_wconf 61' lang='lat' dir='ltr'><strong>§miscebit</strong></span> 
     </span>
     <span class='ocr_line' id='line_1_39' title="bbox 163 4427 928 4496; baseline 0 -15"><span class='ocrx_word' id='word_1_375' title='bbox 163 4432 189 4496; x_wconf 70' lang='lat' dir='ltr'><strong>(a</strong></span> <span class='ocrx_word' id='word_1_376' title='bbox 202 4430 285 4495; x_wconf 81' lang='lat' dir='ltr'><strong>corr.)</strong></span> <span class='ocrx_word' id='word_1_377' title='bbox 359 4429 392 4482; x_wconf 76' lang='grc'><strong>34</strong></span> <span class='ocrx_word' id='word_1_378' title='bbox 412 4428 583 4495; x_wconf 79' lang='lat' dir='ltr'><strong>consurgentes</strong></span> <span class='ocrx_word' id='word_1_379' title='bbox 603 4430 649 4496; x_wconf 87' lang='lat' dir='ltr'><strong>(tes</strong></span> <span class='ocrx_word' id='word_1_380' title='bbox 667 4443 739 4482; x_wconf 86' lang='lat' dir='ltr'><strong>corr.</strong></span> <span class='ocrx_word' id='word_1_381' title='bbox 758 4427 786 4480; x_wconf 80' lang='lat' dir='ltr'><strong>in</strong></span> <span class='ocrx_word' id='word_1_382' title='bbox 808 4428 875 4492; x_wconf 71' lang='lat' dir='ltr'><strong>raa.)</strong></span> <span class='ocrx_word' id='word_1_383' title='bbox 925 4432 928 4438; x_wconf 84' lang='lat'>&#39;</span> 
     </span>
    </p>
   </div>
   <div class='ocr_carea' id='block_1_4' title="bbox 0 0 1552 5078">
    <p class='ocr_par' dir='ltr' id='par_1_4' title="bbox 0 0 1552 5078">
     <span class='ocr_line' id='line_1_40' title="bbox 0 0 1552 5078; baseline 0 0"><span class='ocrx_word' id='word_1_384' title='bbox 0 0 1552 5078; x_wconf 95' lang='lat' dir='ltr'><strong> </strong></span> 
     </span>
    </p>
   </div>
  </div>
 </body>
</html>
