3046 5092
174 359 215 420 20
448 355 528 399 DlAL.
549 355 578 400 11.
597 357 639 398 AD
662 356 803 399 SERENVM
822 355 883 397 NEC
902 356 1044 398 lNlVRIAM
1063 357 1124 399 Nae

173 521 239 561 rem
271 499 427 563 difficilem
461 510 553 582 optas
584 502 723 564 humano
754 503 877 590 generi,
907 503 1127 568 innocentiam.
1174 514 1205 567 et
1238 526 1304 588 non
1335 505 1400 567 fieri

171 627 281 668 eorum
306 609 450 682 interest,
480 609 533 688 qui
563 608 672 671 facturi
708 618 797 685 sunt,
829 630 893 671 non
917 610 999 685 eiuS,
1029 612 1082 691 qui
1112 612 1178 692 pati
1208 631 1250 673 ne
1280 613 1307 673 si
1347 612 1400 674 fiat

171 717 299 796 quidem
323 723 438 796 potest.
484 717 583 777 immo
617 717 722 778 nescio
754 737 793 778 an
825 717 926 796 magis
950 716 1031 778 uires
1054 718 1225 799 sapientiae
1249 721 1398 781 ostendat

172 822 377 902 tranquillitas
413 824 492 884 inter
528 823 729 899 lacessentia,
766 825 847 886 sicut
878 825 1054 885 maximum
1094 834 1320 904 argumentum
1336 807 1397 887 'est

143 930 366 1010 iimperatoris
394 930 487 991 armis
511 930 644 1010 uirisque
667 930 814 1012 pollentis
838 938 907 992 tuta
922 932 1073 992 securitas
1096 932 1125 991 in
1149 930 1288 993 hostiurn
1306 941 1395 995 terra.

259 1036 298 1098 V.
328 1022 528 1111 DiuidamuS,
553 1038 578 1097 si
601 1037 658 1098 tibi
680 1037 814 1113 uidetur,
839 1035 967 1110 Serene,
990 1038 1129 1099 iniuriam
1153 1057 1173 1098 a
1196 1038 1424 1103 contumelial

168 1145 253 1225 prior
276 1142 326 1204 illa
349 1152 459 1205 natura
475 1145 600 1224 grauior
623 1152 679 1218 est,
703 1143 781 1204 haec
806 1144 902 1204 leuior
926 1152 957 1205 et
979 1153 1101 1206 tantum
1119 1143 1259 1205 delicatis
1283 1147 1394 1226 grauis,

168 1271 231 1330 qua
262 1270 325 1311 non
354 1248 520 1311 laeduntur
550 1250 709 1325 homineS,
740 1252 798 1311 sed
831 1248 1043 1311 offenduntur.
1089 1259 1178 1312 tanta
1207 1260 1255 1313 est
1287 1261 1392 1314 tamen

94 1377 96 1382 ·
143 1358 344 1424 ,animorum
377 1356 539 1418 dissolutio
572 1365 604 1418 et
634 1357 770 1431 uanitas,
799 1364 833 1417 ut
856 1357 985 1436 quidam
1010 1356 1083 1417 nihil
1107 1356 1250 1418 acerbius
1274 1368 1392 1439 putent
1425 1404 1427 1408 ι

129 1476 153 1517 10
168 1464 212 1524 sic
243 1464 380 1524 inuenies
412 1483 537 1524 seruum
569 1464 622 1543 qui
655 1462 786 1542 flagellis
817 1483 912 1543 quam
946 1462 1088 1544 colaphis
1119 1464 1209 1524 caedi
1242 1464 1334 1527 malit
1364 1473 1392 1527 et

166 1571 218 1650 qui
250 1579 386 1631 mortem
417 1590 454 1631 ac
485 1569 616 1630 uerbera
646 1568 858 1631 tolerabiliora
898 1570 1006 1630 credat
1036 1590 1132 1649 quam
1164 1571 1392 1633 contumeliosa

166 1677 271 1739 uerba.
317 1678 371 1752 ad
390 1685 494 1738 tantas
517 1677 648 1759 ineptias
671 1685 859 1757 peruentum
884 1685 945 1749 est,
978 1685 1012 1736 ut
1034 1696 1099 1756 non
1123 1675 1235 1737 dolore
1259 1682 1416 1751 tantum‚2

165 1784 221 1846 sed
253 1783 372 1847 doloris
402 1784 550 1865 opinione
582 1804 747 1857 uexemnr,
786 1802 876 1844 more
905 1803 1094 1863 puerorum,
1125 1782 1238 1862 quibus
1272 1793 1392 1846 metum

165 1892 272 1953 incutit
311 1890 423 1952 umbra
462 1900 494 1952 et
532 1911 738 1973 personarum
782 1888 966 1950 deformitas
1005 1899 1037 1950 et
1077 1890 1252 1970 deprauata
1291 1891 1393 1966 facies,

127 2011 150 2050 ¹⁵
165 1997 308 2059 lacrimas
333 2017 408 2058 uero
439 2007 574 2058 euocant
603 1998 732 2059 nomina
761 2016 873 2077 parum
901 2005 990 2076 grata
1014 1995 1139 2057 auribus
1163 2005 1196 2056 et
1220 1998 1394 2078 digitorum

165 2114 271 2165 motus
301 2114 333 2164 et
364 2103 423 2164 alia
454 2123 534 2183 quae
566 2105 673 2184 inpetu
711 2103 852 2182 quodam
887 2101 1003 2163 erroris
1034 2103 1188 2184 inprouidi
1224 2104 1395 2184 refugiunt.

101 2237 116 2247 ’
164 2211 271 2271 iniuria
290 2210 488 2290 propositum
512 2209 573 2270 hoc
596 2207 702 2290 habet,
726 2208 861 2288 aliquem
883 2208 967 2270 malo
991 2209 1134 2270 adficere.
1174 2208 1259 2271 malo
1284 2223 1397 2292 autem
1422 2217 1432 2268 Ξ

164 2317 315 2397 sapientia
338 2336 402 2376 non
426 2315 570 2396 relinquit
586 2315 699 2377 locum.
732 2335 828 2376 unum
845 2316 928 2377 enim
951 2315 993 2376 illi
1009 2315 1126 2377 malum
1151 2326 1198 2379 est
1215 2319 1397 2400 turpitudo,

163 2443 243 2502 quae
281 2423 394 2483 intrare
432 2443 472 2482 eo
512 2422 564 2483 ubi
603 2423 665 2483 iam
705 2422 801 2483 uirtus
830 2421 1063 2503 honestumque
1096 2431 1144 2484 est
1175 2443 1240 2484 non
1274 2435 1397 2507 potest.

122 2542 148 2582 2⁰
164 2549 241 2610 ergo
265 2531 291 2590 si
314 2529 421 2589 iniuria
449 2529 515 2589 sine
540 2527 624 2589 malo
647 2527 732 2589 nulla
756 2538 819 2603 est,
844 2528 963 2591 malum
993 2531 1049 2590 nisi
1072 2538 1163 2610 turpe
1186 2528 1309 2592 nullum
1336 2543 1397 2608 est,

162 2645 253 2718 turpe
277 2647 383 2697 autem
406 2637 448 2696 ad
472 2635 612 2696 honestis
636 2645 826 2718 occupatum
855 2635 1017 2717 peruenire
1041 2626 1105 2695 non
1128 2643 1254 2717 potest:
1283 2639 1400 2702 iniuria

161 2744 203 2803 ad
227 2745 400 2823 sapientem
424 2763 489 2805 non
512 2743 663 2824 peruenit.
710 2762 785 2803 nam·
815 2743 840 2802 si
864 2742 970 2803 iniuria
992 2741 1118 2803 alicuius
1142 2742 1214 2817 mali
1237 2745 1399 2824 patientia

161 2859 217 2923 est,
240 2849 364 2930 sapiens
395 2858 500 2911 autem
532 2849 643 2911 nullius
674 2849 746 2911 mali
778 2859 826 2910 est
856 2850 993 2930 patiens,
1026 2847 1109 2910 nulla
1139 2850 1180 2910 ad
1211 2851 1394 2932 sapientem

159 2956 267 3017 iniuria
284 2958 432 3037 pertinet.
472 2959 574 3019 omnis
597 2958 703 3018 iniuria
724 2957 897 3019 deminutio
920 2949 985 3017 eius
1009 2965 1057 3018 est
1080 2957 1110 3017 in
1133 2976 1228 3037 quem
1251 2957 1395 3036 incurrit,

120 3085 145 3124 25
160 3083 218 3124 nec
240 3071 348 3144 potest
371 3064 536 3145 quisquam
568 3065 707 3126 iniuriam
731 3065 873 3145 accipere
903 3065 968 3125 sine
991 3063 1096 3144 aliquo
1121 3064 1313 3138 detrimento
1340 3065 1392 3126 uel

159 3170 318 3249 dignitatis
349 3170 399 3231 uel
431 3172 571 3253 corporis
602 3171 652 3232 uel
683 3191 787 3232 rerum
820 3179 912 3231 extra
943 3190 1002 3231 nos
1033 3170 1215 3252 positarum.
1262 3172 1390 3252 sapiens

159 3284 265 3337 autem
297 3276 370 3337 nihil
401 3279 534 3359 perdere
557 3286 671 3359 potest.
718 3279 825 3338 omnia
847 3278 878 3337 in
902 3297 935 3338 se
959 3278 1114 3358 reposuit,
1145 3275 1217 3336 nihil
1241 3275 1389 3341 fortunae

158 3382 299 3458 credidit,
322 3384 408 3445 bona
430 3405 487 3446 sua
509 3386 539 3445 in
563 3384 666 3445 solido
689 3383 793 3459 habet,
817 3392 984 3445 contentus
1001 3386 1122 3458 uirtute,
1146 3402 1228 3463 quae
1250 3382 1388 3448 fortuitis

157 3509 220 3549 non
251 3490 372 3570 indiget
403 3492 539 3570 ideoque
570 3510 629 3551 nec
659 3491 765 3570 augeri
802 3509 860 3551 nec
891 3491 986 3551 minui
1016 3498 1132 3572 potest.
1186 3510 1259 3552 nam
1291 3500 1323 3552 et
1355 3493 1387 3554 in

117 3617 143 3657 30
157 3615 317 3658 summum
347 3597 500 3678 perducta
530 3598 713 3659 incrementi
744 3617 807 3658 non
839 3595 958 3658 habent
988 3596 1094 3658 locum
1127 3606 1159 3659 et
1189 3595 1262 3657 nihil
1293 3598 1387 3680 eripit

107 3744 131 3789 ·.
157 3700 282 3763 fortuna
318 3704 373 3764 nisi
411 3707 499 3785 quod
531 3705 626 3766 dedit.
687 3705 833 3766 uirtutem
872 3713 978 3766 autem
1010 3725 1074 3766 non
1105 3706 1175 3779 dat,
1213 3703 1286 3766 ideo
1324 3725 1385 3767 nec

157 3808 300 3871 detrahit.
348 3809 446 3872 libera
469 3820 533 3885 est,
564 3810 764 3885 inuiolabilis,
796 3811 932 3886 inmota,
964 3803 1165 3887 inconcus‘sa,
1198 3812 1242 3872 sic
1272 3821 1385 3873 contra

157 4043 172 4095 3
198 4044 332 4108 sapientiae
356 4041 468 4089 ostendat
492 4039 654 4104 tranquillitas
678 4038 788 4110 Haupt:
818 4042 939 4106 sapientia
964 4011 1076 4090 ostendat
1095 4041 1274 4107 tranquillitatis

157 4131 172 4183 5
192 4132 357 4196 imperatori*
454 4127 470 4181 8
490 4130 626 4178 offeduntur
719 4136 787 4180 tanta
806 4137 841 4180 est
860 4133 910 4207 tatii
929 4129 957 4182 in
976 4145 1032 4183 ras.
1129 4131 1144 4183 9
1164 4137 1193 4208 et·
1208 4130 1242 4182 30
1261 4132 1339 4181 nichil
1358 4138 1383 4185 el

154 4255 195 4308 sic
212 4270 319 4324 semper
339 4252 373 4307 de
390 4268 444 4322 quo
461 4250 529 4305 nitu
546 4252 573 4304 in
591 4258 731 4323 posterum
750 4253 939 4365 admpnebitur
1028 4255 1058 4306 ll
1079 4202 1229 4305 tolerabitira
1249 4257 1276 4322 (li
1290 4273 1324 4310 m.
1335 4273 1381 4326 pr.

154 4381 303 4450 superrat.)
355 4378 385 4432 16
405 4380 496 4443 impetu
546 4376 579 4430 17
598 4379 696 4428 afficere
744 4379 777 4432 21
796 4338 906 4430 honestis
954 4378 989 4432 28
1008 4381 1111 4429 credidit
1128 4377 1281 4449 Woelfflin:
1303 4383 1380 4430 credit

243 4472 277 4522 30
296 4471 388 4520 habent
408 4466 507 4537 Neap.:
529 4472 604 4521 habet
677 4469 710 4521 32
730 4470 833 4521 immota
