3046 5092
416 340 588 382 PRAEFATIO
603 339 751 383 IOHANNIS
767 341 909 384 VAHLENI.

81 498 122 550 aut
138 487 215 568 apud
236 485 420 548 Petronium
443 505 469 548 c.
494 490 532 547 41

10 615 18 620 ’
115 622 157 664 nor
176 601 338 663 libertatem
361 605 424 662 sine
446 610 573 679 tyranno
596 607 677 663 noeti

83 719 176 798 alaque
212 715 314 778 multa
346 693 431 795 ⁴quae
470 715 617 796 colligere
648 716 721 777 nihil
752 718 883 798 attinet;
924 716 998 778 illud
1030 718 1190 778 addidisse
1220 720 1284 778 noir

83 832 162 894 inutile
182 830 349 904 videbitur,
373 850 413 890 ne
430 829 558 892 Graecis
582 831 708 911 quidem
733 851 797 891 non
822 822 1006 892 consuetam
1031 832 1113 893 hanc
1135 831 1285 913 loquendi

84 947 279 1008 abundantiam
321 944 428 1019 fuisse,
468 965 563 1024 quam
595 944 686 1006 Plato
718 965 782 1006 non
819 945 982 1024 defugiens
1013 965 1085 1007 cum
1113 947 1286 1026 scripsisset

29 1139 33 1146 Ι
85 1056 133 1143 πρό
163 1060 218 1120 τοῦ
251 1055 311 1120 οὐκ
342 1055 475 1128 εἰωθώς
507 1054 610 1119 ἄνευ
641 1054 898 1119 ἀκολούθου
927 1056 1060 1138 μόνος
1083 1055 1152 1139 μετ’
1180 1056 1283 1121 αὐτοῦ

84 1176 246 1254 γίγνεσθαι,
271 1171 347 1235 τότε
372 1169 589 1253 ἀποπέμπων
612 1169 674 1233 τόν
707 1169 900 1236 ἀκόλουθον
922 1170 1026 1253 μόνος
1050 1172 1285 1257 συνεγιγνόμην
1370 1245 1379 1258 ,

86 1291 109 1350 in
124 1287 274 1370 symposio
292 1291 353 1351 217
379 1311 405 1364 a,
430 1290 697 1370 compescendam
715 1289 797 1350 hane
812 1291 965 1351 luxuriem
983 1291 1041 1352 rati
1056 1311 1284 1371 supervacuum

85 1404 141 1466 illud
150 1400 244 1484 μόνος
259 1407 473 1485 dempserunt,
490 1405 606 1465 eodem
621 1403 767 1467 videlieet
782 1425 888 1466 errore
901 1404 1024 1486 abrepti
1032 1427 1096 1487 quo
1105 1405 1284 1487 Madvigius

87 1531 112 1580 et
128 1520 218 1601 reliqui
241 1520 293 1581 illa
309 1518 450 1582 Senecae
473 1524 574 1580 irritus
597 1525 659 1580 sine
680 1524 787 1595 effectu
810 1529 985 1582 curtarunt:
1012 1529 1045 1582 et
1068 1531 1174 1582 tamen
1199 1523 1284 1583 idem

87 1635 155 1713 Rlato
173 1637 201 1698 in
223 1637 340 1698 eodem
363 1636 530 1715 symposio
551 1655 581 1714 p.
600 1637 662 1697 215
680 1654 698 1695 c
717 1634 811 1715 plane
827 1637 868 1697 ad
885 1637 1021 1696 eundem
1039 1656 1161 1697 morem
1178 1636 1285 1698 scribit
1340 1717 1342 1720 Α

398 1743 480 1810 ἄνευ
504 1744 656 1832 ὀργάνων
681 1746 796 1832 ψιλοῖς
820 1745 931 1827 λόγοις

93 1840 256 1948 similiterque
279 1869 400 1928 iocatur
423 1865 656 1946 Aristophanes
680 1866 711 1926 in
734 1865 912 1944 Lysistrata
939 1866 998 1927 143

608 1975 1063 2059 fflmwmwm

115 2173 121 2186 ·
290 2101 449 2174 γυναῖκας
473 2090 589 2156 ὑπνῶν
612 2093 678 2156 ἐστ’
704 2090 787 2156 ἄνευ
810 2092 930 2180 ψωλᾶς
952 2091 1071 2174 μόνας,

90 2228 136 2269 nec
152 2231 226 2273 secus
249 2222 304 2274 aut
327 2212 479 2273 Pindarus
502 2212 594 2272 Nem.
620 2215 649 2285 3,
673 2214 714 2272 34
740 2209 822 2290 (coll.
846 2210 940 2290 Pyth.
964 2216 993 2285 9,
1019 2210 1074 2294 27)

331 2320 468 2386 Ἰωλκόν
491 2316 579 2385 εἷλκε
603 2319 706 2403 μόνος
730 2319 812 2385 ἄνευ
836 2327 998 2408 στρατιᾶς

90 2445 133 2498 aut
150 2438 315 2521 Aeschylus
339 2441 456 2522 Agam.
482 2443 544 2502 759
569 2440 609 2501 D.

383 2554 459 2631 δι’χα
483 2550 513 2614 όθ
540 2549 654 2614 ἄλλων
676 2551 860 2638 μονόφρων
884 2554 954 2634 εἰμι’

90 2675 133 2727 aut
151 2666 313 2750 Sophocles
336 2670 467 2733 Philoct.
493 2675 531 2731 31

160 2791 167 2794 ”
338 2781 405 2868 ὁρῶ
430 2780 528 2865 κενὴν
552 2783 682 2866 οἴκησιν
706 2781 905 2868 ἀνθρώπων
930 2785 1006 2862 nixa

91 2894 191 2982 aliisque
211 2902 286 2964 locis
309 2902 449 2983 pluribus
472 2900 523 2962 hic
546 2900 606 2963 illic
630 2903 670 2963 ab
695 2902 916 2982 interpretibus
940 2903 1059 2964 notatis
1081 2901 1178 2963 locuti
1193 2911 1283 2962 sunt:

91 3017 117 3070 el
132 3019 244 3095 omnino
268 3016 342 3078 nihil
366 3018 396 3077 in
420 3016 530 3079 litteris
547 3016 676 3079 Graecis
699 3016 891 3097 frequentius
915 3026 962 3078 est
984 3018 1058 3078 inde
1081 3017 1121 3078 ab
1145 3018 1286 3078 carmini-

90 3122 137 3186 bus
154 3129 327 3195 Homericis.

158 3246 206 3309 Ad
220 3248 367 3309 Helviam
384 3258 519 3309 matrem
537 3250 578 3309 de
594 3246 811 3309 consolatione
828 3267 852 3308 c.
872 3251 899 3321 8,
923 3269 953 3328 p.
970 3248 1043 3316 754,
1060 3249 1100 3307 24
1119 3251 1289 3308 emetiamur

92 3373 257 3440 quoscunque
279 3373 398 3424 terror:
420 3369 529 3424 nullum
554 3367 679 3424 inueniri
701 3367 819 3424 exitium
834 3367 915 3424 intra
930 3367 1185 3439 nondumpotest,
1209 3366 1291 3439 quod

92 3474 190 3536 dietum
211 3482 319 3540 bomini
340 3483 387 3541 sit.
433 3478 481 3539 Ita
496 3477 639 3538 Kochius
663 3476 742 3537 haec
764 3497 845 3557 quae
861 3488 934 3538 sunt
949 3479 980 3538 in
996 3478 1106 3568 codice
1122 3483 1230 3538 nullum
1247 3484 1288 3539 in-

79 3591 161 3648 ·vttt'ri
179 3604 203 3654 et
223 3599 302 3654 illum
325 3597 404 3655 intro
427 3597 563 3653 rutundum
588 3603 630 3654 est
654 3597 778 3654 alienum
802 3597 909 3654 bomini
926 3603 967 3654 est
983 3591 1201 3665 conformavit,
1224 3590 1289 3652 fere

91 3704 117 3756 ut
128 3699 244 3769 Haasius
267 3707 364 3773 edidit
386 3714 495 3769 nullum
519 3713 643 3770 inveniri
666 3712 783 3769 erilium
806 3713 887 3770 intro
903 3713 1149 3786 nondumpotest
1164 3713 1289 3769 alienum

91 3813 189 3882 henin:
218 3832 329 3884 neuter
358 3824 502 3884 oratione
524 3824 600 3884 satis
624 3824 665 3884 ad
688 3824 878 3885 sententiam
902 3824 1148 3885 accommodata
1170 3831 1225 3883 aut
1248 3822 1290 3882 ad

92 3931 205 3998 cOdioem
240 3937 420 4000 accedente.
479 3937 609 4018 Quanto
646 3937 756 3999 melius
787 3937 966 4018 Madvigius
998 3937 1123 4001 defectu
1154 3944 1286 3999 notato:

90 4049 172 4112 tulum
192 4058 316 4116 inverunt
339 4057 457 4116 exilium
479 4059 559 4115 intro
581 4059 718 4115 mondum
743 4056 862 4132 lpotest:
884 4059 994 4115 nullum
1015 4058 1194 4116 enimtoleum
1210 4057 1291 4113 intro

91 4169 208 4242 nunni]
240 4155 366 4231 alienum
397 4173 504 4231 homini
535 4182 584 4230 est.
631 4169 697 4230 Nisi
725 4170 814 4250 quod
837 4170 881 4231 sic
904 4170 1033 4230 demum
1057 4168 1149 4249 plene
1173 4166 1290 4229 codicis

91 4275 241 4347 testimonio
283 4283 426 4346 satisfieri
465 4285 589 4345 videtur
627 4287 652 4346 si
683 4284 848 4346 scribimus
877 4289 986 4345 nullon
1017 4287 1141 4345 inueniri
1172 4287 1291 4344 anilium

91 4388 150 4455 iutro
174 4404 309 4462 mundum
341 4401 466 4491 [potest:
497 4404 570 4460 nibil
599 4404 672 4462 enim
705 4404 785 4477 qnod
812 4405 891 4460 intro
913 4401 1061 4477 mnndum]
1087 4408 1137 4474 est,
1162 4403 1291 4460 alienum
