<?xml version="1.0" encoding="UTF-8"?>
<!DOCTYPE html PUBLIC "-//W3C//DTD XHTML 1.0 Transitional//EN"
    "http://www.w3.org/TR/xhtml1/DTD/xhtml1-transitional.dtd">
<html xmlns="http://www.w3.org/1999/xhtml" xml:lang="en" lang="en">
 <head>
  <title>
</title>
<meta http-equiv="Content-Type" content="text/html;charset=utf-8" />
  <meta name='ocr-system' content='tesseract 3.04.00' />
  <meta name='ocr-capabilities' content='ocr_page ocr_carea ocr_par ocr_line ocrx_word'/>
</head>
<body>
  <div class='ocr_page' id='page_1' title='image "./lannaeisenecaed00vahlgoog_0248.png"; bbox 0 0 3046 5092; ppageno 0'>
   <div class='ocr_carea' id='block_1_1' title="bbox 251 306 1302 406">
    <p class='ocr_par' dir='ltr' id='par_1_1' title="bbox 251 306 1302 406">
     <span class='ocr_line' id='line_1_1' title="bbox 251 306 1302 406; baseline -0.004 -17"><span class='ocrx_word' id='word_1_1' title='bbox 251 341 331 391; x_wconf 70' lang='lat' dir='ltr'>mnu.</span> <span class='ocrx_word' id='word_1_2' title='bbox 347 343 387 389; x_wconf 83' lang='lat' dir='ltr'>ut.</span> <span class='ocrx_word' id='word_1_3' title='bbox 416 349 458 389; x_wconf 81' lang='lat' dir='ltr'>AD</span> <span class='ocrx_word' id='word_1_4' title='bbox 473 337 616 389; x_wconf 73' lang='lat' dir='ltr'>scarum</span> <span class='ocrx_word' id='word_1_5' title='bbox 630 306 951 396; x_wconf 71' lang='lat' dir='ltr'>na&#39;TRAuQvttltrnss</span> <span class='ocrx_word' id='word_1_6' title='bbox 966 340 1065 385; x_wconf 74' lang='lat' dir='ltr'>ANtMt.</span> <span class='ocrx_word' id='word_1_7' title='bbox 1096 336 1126 388; x_wconf 84' lang='lat' dir='ltr'>to.</span> <span class='ocrx_word' id='word_1_8' title='bbox 1239 336 1302 406; x_wconf 77' lang='lat'>209</span> 
     </span>
    </p>
   </div>
   <div class='ocr_carea' id='block_1_2' title="bbox 30 492 1445 3554">
    <p class='ocr_par' dir='ltr' id='par_1_2' title="bbox 30 492 1445 3554">
     <span class='ocr_line' id='line_1_2' title="bbox 73 492 1304 581; baseline -0.006 -18"><span class='ocrx_word' id='word_1_9' title='bbox 73 500 308 581; x_wconf 86' lang='lat' dir='ltr'>adligauerunt‚</span> <span class='ocrx_word' id='word_1_10' title='bbox 330 497 386 559; x_wconf 91' lang='lat' dir='ltr'>nisi</span> <span class='ocrx_word' id='word_1_11' title='bbox 409 494 490 557; x_wconf 84' lang='lat' dir='ltr'>forte</span> <span class='ocrx_word' id='word_1_12' title='bbox 510 503 544 556; x_wconf 88' lang='lat' dir='ltr'>tu</span> <span class='ocrx_word' id='word_1_13' title='bbox 560 495 711 557; x_wconf 87' lang='lat' dir='ltr'>leuiorem</span> <span class='ocrx_word' id='word_1_14' title='bbox 727 496 758 555; x_wconf 92' lang='lat' dir='ltr'>in</span> <span class='ocrx_word' id='word_1_15' title='bbox 773 495 896 557; x_wconf 88' lang='lat' dir='ltr'>sinistra</span> <span class='ocrx_word' id='word_1_16' title='bbox 911 503 1056 556; x_wconf 90' lang='lat' dir='ltr'>catenam</span> <span class='ocrx_word' id='word_1_17' title='bbox 1072 502 1183 574; x_wconf 86' lang='lat' dir='ltr'>putas:</span> <span class='ocrx_word' id='word_1_18' title='bbox 1210 492 1304 556; x_wconf 88' lang='lat' dir='ltr'>alium</span> 
     </span>
     <span class='ocr_line' id='line_1_3' title="bbox 72 599 1304 684; baseline -0.006 -15"><span class='ocrx_word' id='word_1_19' title='bbox 72 605 226 680; x_wconf 71' lang='lat' dir='ltr'>honores</span> <span class='ocrx_word' id='word_1_20' title='bbox 249 603 343 667; x_wconf 89' lang='lat' dir='ltr'>alium</span> <span class='ocrx_word' id='word_1_21' title='bbox 366 623 445 684; x_wconf 92' lang='lat' dir='ltr'>opes</span> <span class='ocrx_word' id='word_1_22' title='bbox 468 603 613 664; x_wconf 91' lang='lat' dir='ltr'>uinciunt.</span> <span class='ocrx_word' id='word_1_23' title='bbox 658 602 815 681; x_wconf 90' lang='lat' dir='ltr'>quosdam</span> <span class='ocrx_word' id='word_1_24' title='bbox 838 599 998 674; x_wconf 64' lang='lat' dir='ltr'>nobilitas</span> <span class='ocrx_word' id='word_1_25' title='bbox 1022 602 1179 681; x_wconf 90' lang='lat' dir='ltr'>quosdam</span> <span class='ocrx_word' id='word_1_26' title='bbox 1202 599 1304 678; x_wconf 89' lang='lat' dir='ltr'>humi·</span> 
     </span>
     <span class='ocr_line' id='line_1_4' title="bbox 74 706 1304 792; baseline -0.004 -19"><span class='ocrx_word' id='word_1_27' title='bbox 74 711 149 775; x_wconf 91' lang='lat' dir='ltr'>litas</span> <span class='ocrx_word' id='word_1_28' title='bbox 172 713 296 792; x_wconf 86' lang='lat' dir='ltr'>premit.</span> <span class='ocrx_word' id='word_1_29' title='bbox 341 708 531 790; x_wconf 91' lang='lat' dir='ltr'>quibusdam</span> <span class='ocrx_word' id='word_1_30' title='bbox 555 706 656 769; x_wconf 88' lang='lat' dir='ltr'>aliena</span> <span class='ocrx_word' id='word_1_31' title='bbox 677 727 771 786; x_wconf 92' lang='lat' dir='ltr'>supra</span> <span class='ocrx_word' id='word_1_32' title='bbox 794 716 889 788; x_wconf 89' lang='lat' dir='ltr'>caput</span> <span class='ocrx_word' id='word_1_33' title='bbox 911 709 1043 789; x_wconf 91' lang='lat' dir='ltr'>imperia</span> <span class='ocrx_word' id='word_1_34' title='bbox 1065 716 1149 782; x_wconf 91' lang='lat' dir='ltr'>sunt,</span> <span class='ocrx_word' id='word_1_35' title='bbox 1177 707 1304 788; x_wconf 91' lang='lat' dir='ltr'>quibus-</span> 
     </span>
     <span class='ocr_line' id='line_1_5' title="bbox 75 812 1306 897; baseline -0.005 -16"><span class='ocrx_word' id='word_1_36' title='bbox 75 819 155 881; x_wconf 88' lang='lat' dir='ltr'>dam</span> <span class='ocrx_word' id='word_1_37' title='bbox 185 837 250 878; x_wconf 93' lang='lat' dir='ltr'>sua.</span> <span class='ocrx_word' id='word_1_38' title='bbox 295 815 453 897; x_wconf 90' lang='lat' dir='ltr'>quosdam</span> <span class='ocrx_word' id='word_1_39' title='bbox 483 812 576 875; x_wconf 90' lang='lat' dir='ltr'>exilia</span> <span class='ocrx_word' id='word_1_40' title='bbox 603 834 666 875; x_wconf 94' lang='lat' dir='ltr'>uno</span> <span class='ocrx_word' id='word_1_41' title='bbox 689 812 761 874; x_wconf 91' lang='lat' dir='ltr'>loco</span> <span class='ocrx_word' id='word_1_42' title='bbox 784 821 908 887; x_wconf 91' lang='lat' dir='ltr'>tenent,</span> <span class='ocrx_word' id='word_1_43' title='bbox 939 813 1095 894; x_wconf 90' lang='lat' dir='ltr'>quosdam</span> <span class='ocrx_word' id='word_1_44' title='bbox 1119 814 1306 876; x_wconf 89' lang='lat' dir='ltr'>sacerdotia.</span> 
     </span>
     <span class='ocr_line' id='line_1_6' title="bbox 30 917 1346 1008; baseline -0.004 -22"><span class='ocrx_word' id='word_1_45' title='bbox 30 929 50 981; x_wconf 83' lang='lat'>4</span> <span class='ocrx_word' id='word_1_46' title='bbox 74 925 183 986; x_wconf 90' lang='lat' dir='ltr'>omnis</span> <span class='ocrx_word' id='word_1_47' title='bbox 205 925 272 985; x_wconf 90' lang='lat' dir='ltr'>uita</span> <span class='ocrx_word' id='word_1_48' title='bbox 293 920 454 982; x_wconf 89' lang='lat' dir='ltr'>seruitium</span> <span class='ocrx_word' id='word_1_49' title='bbox 478 928 535 981; x_wconf 90' lang='lat' dir='ltr'>est.</span> <span class='ocrx_word' id='word_1_50' title='bbox 567 917 818 980; x_wconf 85' lang='lat' dir='ltr'>adsuescendum</span> <span class='ocrx_word' id='word_1_51' title='bbox 842 928 892 981; x_wconf 91' lang='lat' dir='ltr'>est</span> <span class='ocrx_word' id='word_1_52' title='bbox 911 921 1018 1008; x_wconf 88' lang='lat' dir='ltr'>itaque</span> <span class='ocrx_word' id='word_1_53' title='bbox 1038 920 1216 982; x_wconf 87' lang='lat' dir='ltr'>condicioni</span> <span class='ocrx_word' id='word_1_54' title='bbox 1230 930 1307 981; x_wconf 81' lang='lat' dir='ltr'>suae</span> <span class='ocrx_word' id='word_1_55' title='bbox 1334 934 1346 972; x_wconf 80' lang='lat'><strong>⁵</strong></span> 
     </span>
     <span class='ocr_line' id='line_1_7' title="bbox 74 1024 1308 1111; baseline -0.004 -18"><span class='ocrx_word' id='word_1_56' title='bbox 74 1040 111 1093; x_wconf 87' lang='lat' dir='ltr'>et</span> <span class='ocrx_word' id='word_1_57' title='bbox 143 1049 240 1111; x_wconf 89' lang='lat' dir='ltr'>quam</span> <span class='ocrx_word' id='word_1_58' title='bbox 270 1029 434 1089; x_wconf 91' lang='lat' dir='ltr'>minimum</span> <span class='ocrx_word' id='word_1_59' title='bbox 458 1026 500 1087; x_wconf 93' lang='lat' dir='ltr'>de</span> <span class='ocrx_word' id='word_1_60' title='bbox 522 1024 574 1087; x_wconf 88' lang='lat' dir='ltr'>illa</span> <span class='ocrx_word' id='word_1_61' title='bbox 596 1024 791 1106; x_wconf 90' lang='lat' dir='ltr'>querendum</span> <span class='ocrx_word' id='word_1_62' title='bbox 815 1033 848 1086; x_wconf 90' lang='lat' dir='ltr'>et</span> <span class='ocrx_word' id='word_1_63' title='bbox 870 1024 1023 1106; x_wconf 93' lang='lat' dir='ltr'>quidquid</span> <span class='ocrx_word' id='word_1_64' title='bbox 1046 1024 1145 1087; x_wconf 88' lang='lat' dir='ltr'>habet</span> <span class='ocrx_word' id='word_1_65' title='bbox 1168 1027 1250 1088; x_wconf 89' lang='lat' dir='ltr'>circa</span> <span class='ocrx_word' id='word_1_66' title='bbox 1272 1046 1308 1088; x_wconf 91' lang='lat' dir='ltr'>se</span> 
     </span>
     <span class='ocr_line' id='line_1_8' title="bbox 75 1129 1308 1214; baseline -0.003 -16"><span class='ocrx_word' id='word_1_67' title='bbox 75 1135 261 1210; x_wconf 90' lang='lat' dir='ltr'>commodi,</span> <span class='ocrx_word' id='word_1_68' title='bbox 291 1131 560 1214; x_wconf 86' lang='lat' dir='ltr'>adprendendum.</span> <span class='ocrx_word' id='word_1_69' title='bbox 607 1129 681 1193; x_wconf 88' lang='lat' dir='ltr'>nihil</span> <span class='ocrx_word' id='word_1_70' title='bbox 711 1140 777 1194; x_wconf 91' lang='lat' dir='ltr'>tam</span> <span class='ocrx_word' id='word_1_71' title='bbox 810 1132 959 1193; x_wconf 90' lang='lat' dir='ltr'>acerbum</span> <span class='ocrx_word' id='word_1_72' title='bbox 991 1140 1055 1206; x_wconf 90' lang='lat' dir='ltr'>est,</span> <span class='ocrx_word' id='word_1_73' title='bbox 1085 1134 1116 1194; x_wconf 93' lang='lat' dir='ltr'>in</span> <span class='ocrx_word' id='word_1_74' title='bbox 1147 1153 1211 1213; x_wconf 94' lang='lat' dir='ltr'>quo</span> <span class='ocrx_word' id='word_1_75' title='bbox 1243 1152 1308 1194; x_wconf 91' lang='lat' dir='ltr'>non</span> 
     </span>
     <span class='ocr_line' id='line_1_9' title="bbox 76 1237 1308 1324; baseline -0.004 -19"><span class='ocrx_word' id='word_1_76' title='bbox 76 1262 198 1324; x_wconf 87' lang='lat' dir='ltr'>aequus</span> <span class='ocrx_word' id='word_1_77' title='bbox 229 1242 351 1303; x_wconf 87' lang='lat' dir='ltr'>animus</span> <span class='ocrx_word' id='word_1_78' title='bbox 379 1237 528 1301; x_wconf 88' lang='lat' dir='ltr'>solacium</span> <span class='ocrx_word' id='word_1_79' title='bbox 552 1237 697 1299; x_wconf 88' lang='lat' dir='ltr'>inueniat.</span> <span class='ocrx_word' id='word_1_80' title='bbox 743 1239 877 1318; x_wconf 89' lang='lat' dir='ltr'>exiguae</span> <span class='ocrx_word' id='word_1_81' title='bbox 900 1257 996 1319; x_wconf 86' lang='lat' dir='ltr'>saepe</span> <span class='ocrx_word' id='word_1_82' title='bbox 1019 1257 1112 1300; x_wconf 90' lang='lat' dir='ltr'>areae</span> <span class='ocrx_word' id='word_1_83' title='bbox 1134 1240 1166 1300; x_wconf 93' lang='lat' dir='ltr'>in</span> <span class='ocrx_word' id='word_1_84' title='bbox 1190 1238 1308 1300; x_wconf 92' lang='lat' dir='ltr'>multos</span> 
     </span>
     <span class='ocr_line' id='line_1_10' title="bbox 77 1345 1308 1426; baseline -0.002 -16"><span class='ocrx_word' id='word_1_85' title='bbox 77 1369 153 1410; x_wconf 90' lang='lat' dir='ltr'>usus</span> <span class='ocrx_word' id='word_1_86' title='bbox 191 1346 397 1409; x_wconf 85' lang='lat' dir='ltr'>describentis</span> <span class='ocrx_word' id='word_1_87' title='bbox 435 1353 502 1406; x_wconf 89' lang='lat' dir='ltr'>arte</span> <span class='ocrx_word' id='word_1_88' title='bbox 539 1352 709 1425; x_wconf 89' lang='lat' dir='ltr'>patuerunt</span> <span class='ocrx_word' id='word_1_89' title='bbox 739 1351 771 1404; x_wconf 89' lang='lat' dir='ltr'>et</span> <span class='ocrx_word' id='word_1_90' title='bbox 802 1346 946 1424; x_wconf 88' lang='lat' dir='ltr'>quamuis</span> <span class='ocrx_word' id='word_1_91' title='bbox 985 1354 1153 1425; x_wconf 82' lang='lat' dir='ltr'>angustum</span> <span class='ocrx_word' id='word_1_92' title='bbox 1189 1345 1308 1426; x_wconf 89' lang='lat' dir='ltr'>pedem</span> 
     </span>
     <span class='ocr_line' id='line_1_11' title="bbox 79 1447 1348 1535; baseline -0.005 -18"><span class='ocrx_word' id='word_1_93' title='bbox 79 1453 246 1535; x_wconf 86' lang='lat' dir='ltr'>dispositio</span> <span class='ocrx_word' id='word_1_94' title='bbox 270 1450 343 1514; x_wconf 79' lang='lat' dir='ltr'>iecit</span> <span class='ocrx_word' id='word_1_95' title='bbox 366 1448 579 1513; x_wconf 89' lang='lat' dir='ltr'>habitabilem.</span> <span class='ocrx_word' id='word_1_96' title='bbox 626 1447 743 1511; x_wconf 94' lang='lat' dir='ltr'>adhibe</span> <span class='ocrx_word' id='word_1_97' title='bbox 765 1449 921 1511; x_wconf 91' lang='lat' dir='ltr'>rationem</span> <span class='ocrx_word' id='word_1_98' title='bbox 945 1447 1198 1514; x_wconf 90' lang='lat' dir='ltr'>difficultatibus:</span> <span class='ocrx_word' id='word_1_99' title='bbox 1233 1468 1306 1533; x_wconf 88' lang='lat' dir='ltr'>pos·</span> <span class='ocrx_word' id='word_1_100' title='bbox 1325 1460 1348 1501; x_wconf 84' lang='lat'>¹0</span> 
     </span>
     <span class='ocr_line' id='line_1_12' title="bbox 77 1553 1346 1636; baseline -0.002 -15"><span class='ocrx_word' id='word_1_101' title='bbox 77 1567 152 1622; x_wconf 94' lang='lat' dir='ltr'>sunt</span> <span class='ocrx_word' id='word_1_102' title='bbox 175 1568 208 1622; x_wconf 91' lang='lat' dir='ltr'>et</span> <span class='ocrx_word' id='word_1_103' title='bbox 230 1558 310 1621; x_wconf 89' lang='lat' dir='ltr'>dura</span> <span class='ocrx_word' id='word_1_104' title='bbox 333 1554 445 1617; x_wconf 90' lang='lat' dir='ltr'>molliri</span> <span class='ocrx_word' id='word_1_105' title='bbox 469 1563 501 1617; x_wconf 93' lang='lat' dir='ltr'>et</span> <span class='ocrx_word' id='word_1_106' title='bbox 524 1563 659 1635; x_wconf 84' lang='lat' dir='ltr'>angusta</span> <span class='ocrx_word' id='word_1_107' title='bbox 678 1553 778 1617; x_wconf 89' lang='lat' dir='ltr'>laxari</span> <span class='ocrx_word' id='word_1_108' title='bbox 800 1564 832 1619; x_wconf 94' lang='lat' dir='ltr'>et</span> <span class='ocrx_word' id='word_1_109' title='bbox 848 1555 956 1636; x_wconf 86' lang='lat' dir='ltr'>grauia</span> <span class='ocrx_word' id='word_1_110' title='bbox 971 1556 1048 1619; x_wconf 89' lang='lat' dir='ltr'>scite</span> <span class='ocrx_word' id='word_1_111' title='bbox 1063 1555 1190 1619; x_wconf 80' lang='lat' dir='ltr'>serentis</span> <span class='ocrx_word' id='word_1_112' title='bbox 1206 1558 1308 1618; x_wconf 91' lang='lat' dir='ltr'>minus</span> <span class='ocrx_word' id='word_1_113' title='bbox 1344 1626 1346 1629; x_wconf 45' lang='lat'>.</span> 
     </span>
     <span class='ocr_line' id='line_1_13' title="bbox 36 1661 1307 1746; baseline 0.002 -25"><span class='ocrx_word' id='word_1_114' title='bbox 36 1669 55 1721; x_wconf 82' lang='grc'>5</span> <span class='ocrx_word' id='word_1_115' title='bbox 79 1684 234 1746; x_wconf 89' lang='lat' dir='ltr'>premere.</span> <span class='ocrx_word' id='word_1_116' title='bbox 278 1683 343 1725; x_wconf 93' lang='lat' dir='ltr'>non</span> <span class='ocrx_word' id='word_1_117' title='bbox 373 1670 446 1724; x_wconf 90' lang='lat' dir='ltr'>sunt</span> <span class='ocrx_word' id='word_1_118' title='bbox 474 1671 639 1741; x_wconf 89' lang='lat' dir='ltr'>praeterea</span> <span class='ocrx_word' id='word_1_119' title='bbox 662 1661 849 1742; x_wconf 89' lang='lat' dir='ltr'>cupiditates</span> <span class='ocrx_word' id='word_1_120' title='bbox 877 1663 907 1722; x_wconf 92' lang='lat' dir='ltr'>in</span> <span class='ocrx_word' id='word_1_121' title='bbox 931 1661 1103 1744; x_wconf 88' lang='lat' dir='ltr'>longinqua</span> <span class='ocrx_word' id='word_1_122' title='bbox 1126 1663 1307 1737; x_wconf 88' lang='lat' dir='ltr'>mittendae,</span> 
     </span>
     <span class='ocr_line' id='line_1_14' title="bbox 79 1766 1308 1849; baseline -0.003 -16"><span class='ocrx_word' id='word_1_123' title='bbox 79 1773 137 1833; x_wconf 92' lang='lat' dir='ltr'>sed</span> <span class='ocrx_word' id='word_1_124' title='bbox 167 1773 200 1832; x_wconf 92' lang='lat' dir='ltr'>in</span> <span class='ocrx_word' id='word_1_125' title='bbox 230 1771 366 1832; x_wconf 92' lang='lat' dir='ltr'>uicinum</span> <span class='ocrx_word' id='word_1_126' title='bbox 396 1766 454 1830; x_wconf 91' lang='lat' dir='ltr'>illis</span> <span class='ocrx_word' id='word_1_127' title='bbox 485 1768 593 1848; x_wconf 80' lang='lat' dir='ltr'>egredi</span> <span class='ocrx_word' id='word_1_128' title='bbox 623 1769 860 1848; x_wconf 87' lang='lat' dir='ltr'>permittamus,</span> <span class='ocrx_word' id='word_1_129' title='bbox 891 1770 1040 1849; x_wconf 89' lang='lat' dir='ltr'>quoniam</span> <span class='ocrx_word' id='word_1_130' title='bbox 1070 1768 1185 1830; x_wconf 92' lang='lat' dir='ltr'>includi</span> <span class='ocrx_word' id='word_1_131' title='bbox 1208 1789 1243 1830; x_wconf 94' lang='lat' dir='ltr'>se</span> <span class='ocrx_word' id='word_1_132' title='bbox 1266 1789 1308 1830; x_wconf 86' lang='lat' dir='ltr'>ex</span> 
     </span>
     <span class='ocr_line' id='line_1_15' title="bbox 78 1873 1309 1956; baseline -0.004 -16"><span class='ocrx_word' id='word_1_133' title='bbox 78 1887 151 1941; x_wconf 92' lang='lat' dir='ltr'>toto</span> <span class='ocrx_word' id='word_1_134' title='bbox 183 1896 249 1938; x_wconf 92' lang='lat' dir='ltr'>non</span> <span class='ocrx_word' id='word_1_135' title='bbox 279 1877 445 1956; x_wconf 91' lang='lat' dir='ltr'>patiuntur.</span> <span class='ocrx_word' id='word_1_136' title='bbox 492 1873 606 1936; x_wconf 90' lang='lat' dir='ltr'>relictis</span> <span class='ocrx_word' id='word_1_137' title='bbox 636 1874 700 1948; x_wconf 90' lang='lat' dir='ltr'>his,</span> <span class='ocrx_word' id='word_1_138' title='bbox 731 1894 813 1953; x_wconf 91' lang='lat' dir='ltr'>quae</span> <span class='ocrx_word' id='word_1_139' title='bbox 840 1884 895 1936; x_wconf 89' lang='lat' dir='ltr'>aut</span> <span class='ocrx_word' id='word_1_140' title='bbox 922 1895 986 1934; x_wconf 91' lang='lat' dir='ltr'>non</span> <span class='ocrx_word' id='word_1_141' title='bbox 1009 1884 1143 1956; x_wconf 90' lang='lat' dir='ltr'>possunt</span> <span class='ocrx_word' id='word_1_142' title='bbox 1165 1875 1232 1937; x_wconf 90' lang='lat' dir='ltr'>fieri</span> <span class='ocrx_word' id='word_1_143' title='bbox 1255 1884 1309 1936; x_wconf 93' lang='lat' dir='ltr'>aut</span> 
     </span>
     <span class='ocr_line' id='line_1_16' title="bbox 79 1981 1348 2064; baseline -0.006 -19"><span class='ocrx_word' id='word_1_144' title='bbox 79 1982 257 2046; x_wconf 80' lang='lat' dir='ltr'>difficulter·</span> <span class='ocrx_word' id='word_1_145' title='bbox 268 1990 415 2064; x_wconf 90' lang='lat' dir='ltr'>possunt,</span> <span class='ocrx_word' id='word_1_146' title='bbox 438 2001 539 2062; x_wconf 89' lang='lat' dir='ltr'>prope</span> <span class='ocrx_word' id='word_1_147' title='bbox 562 1983 666 2060; x_wconf 90' lang='lat' dir='ltr'>posita</span> <span class='ocrx_word' id='word_1_148' title='bbox 688 1983 818 2061; x_wconf 90' lang='lat' dir='ltr'>speique</span> <span class='ocrx_word' id='word_1_149' title='bbox 841 1990 969 2044; x_wconf 88' lang='lat' dir='ltr'>nostrae</span> <span class='ocrx_word' id='word_1_150' title='bbox 992 1981 1174 2044; x_wconf 86' lang='lat' dir='ltr'>adludentia</span> <span class='ocrx_word' id='word_1_151' title='bbox 1197 2001 1348 2062; x_wconf 81' lang='lat' dir='ltr'>sequa-15</span> 
     </span>
     <span class='ocr_line' id='line_1_17' title="bbox 79 2086 1309 2168; baseline -0.002 -16"><span class='ocrx_word' id='word_1_152' title='bbox 79 2111 167 2164; x_wconf 90' lang='lat' dir='ltr'>mur,</span> <span class='ocrx_word' id='word_1_153' title='bbox 199 2089 257 2151; x_wconf 90' lang='lat' dir='ltr'>sed</span> <span class='ocrx_word' id='word_1_154' title='bbox 287 2090 423 2150; x_wconf 90' lang='lat' dir='ltr'>sciamus</span> <span class='ocrx_word' id='word_1_155' title='bbox 454 2088 561 2149; x_wconf 91' lang='lat' dir='ltr'>omnia</span> <span class='ocrx_word' id='word_1_156' title='bbox 592 2107 692 2168; x_wconf 89' lang='lat' dir='ltr'>aeque</span> <span class='ocrx_word' id='word_1_157' title='bbox 722 2086 803 2148; x_wconf 89' lang='lat' dir='ltr'>leuia</span> <span class='ocrx_word' id='word_1_158' title='bbox 834 2107 920 2162; x_wconf 90' lang='lat' dir='ltr'>esse,</span> <span class='ocrx_word' id='word_1_159' title='bbox 952 2091 1146 2150; x_wconf 88' lang='lat' dir='ltr'>extrinsecus</span> <span class='ocrx_word' id='word_1_160' title='bbox 1170 2089 1309 2151; x_wconf 90' lang='lat' dir='ltr'>diuersas</span> 
     </span>
     <span class='ocr_line' id='line_1_18' title="bbox 36 2186 1310 2273; baseline -0.002 -15"><span class='ocrx_word' id='word_1_161' title='bbox 36 2186 39 2191; x_wconf 39' lang='lat'><em>⁴</em></span> <span class='ocrx_word' id='word_1_162' title='bbox 79 2196 174 2258; x_wconf 80' lang='lat' dir='ltr'>facies</span> <span class='ocrx_word' id='word_1_163' title='bbox 213 2193 378 2268; x_wconf 85' lang='lat' dir='ltr'>habentia,</span> <span class='ocrx_word' id='word_1_164' title='bbox 417 2196 569 2273; x_wconf 82' lang='lat' dir='ltr'>introrsus</span> <span class='ocrx_word' id='word_1_165' title='bbox 607 2195 724 2273; x_wconf 88' lang='lat' dir='ltr'>pariter</span> <span class='ocrx_word' id='word_1_166' title='bbox 762 2213 851 2255; x_wconf 89' lang='lat' dir='ltr'>uana.</span> <span class='ocrx_word' id='word_1_167' title='bbox 905 2214 964 2256; x_wconf 93' lang='lat' dir='ltr'>nec</span> <span class='ocrx_word' id='word_1_168' title='bbox 994 2196 1189 2256; x_wconf 88' lang='lat' dir='ltr'>inuideamus</span> <span class='ocrx_word' id='word_1_169' title='bbox 1221 2193 1310 2256; x_wconf 88' lang='lat' dir='ltr'>altius</span> 
     </span>
     <span class='ocr_line' id='line_1_19' title="bbox 40 2299 1310 2382; baseline 0.002 -22"><span class='ocrx_word' id='word_1_170' title='bbox 40 2300 257 2364; x_wconf 74' lang='lat' dir='ltr'>{istantibusz</span> <span class='ocrx_word' id='word_1_171' title='bbox 291 2321 373 2382; x_wconf 91' lang='lat' dir='ltr'>quae</span> <span class='ocrx_word' id='word_1_172' title='bbox 403 2299 531 2362; x_wconf 87' lang='lat' dir='ltr'>excelsa</span> <span class='ocrx_word' id='word_1_173' title='bbox 562 2299 765 2374; x_wconf 87' lang='lat' dir='ltr'>uidebantur,</span> <span class='ocrx_word' id='word_1_174' title='bbox 803 2309 972 2381; x_wconf 89' lang='lat' dir='ltr'>praerupta</span> <span class='ocrx_word' id='word_1_175' title='bbox 999 2309 1081 2364; x_wconf 93' lang='lat' dir='ltr'>sunt.</span> <span class='ocrx_word' id='word_1_176' title='bbox 1126 2300 1168 2363; x_wconf 88' lang='lat' dir='ltr'>illi</span> <span class='ocrx_word' id='word_1_177' title='bbox 1198 2321 1310 2376; x_wconf 79' lang='lat' dir='ltr'>rursuS,</span> 
     </span>
     <span class='ocr_line' id='line_1_20' title="bbox 79 2403 1310 2491; baseline -0.002 -20"><span class='ocrx_word' id='word_1_178' title='bbox 79 2429 162 2491; x_wconf 91' lang='lat' dir='ltr'>quos</span> <span class='ocrx_word' id='word_1_179' title='bbox 201 2403 271 2471; x_wconf 85' lang='lat' dir='ltr'>&#39;sors</span> <span class='ocrx_word' id='word_1_180' title='bbox 308 2409 427 2486; x_wconf 75' lang='lat' dir='ltr'>iniqua¹</span> <span class='ocrx_word' id='word_1_181' title='bbox 450 2409 481 2468; x_wconf 93' lang='lat' dir='ltr'>in</span> <span class='ocrx_word' id='word_1_182' title='bbox 519 2408 644 2486; x_wconf 88' lang='lat' dir='ltr'>ancipiti</span> <span class='ocrx_word' id='word_1_183' title='bbox 682 2409 803 2488; x_wconf 91' lang='lat' dir='ltr'>posuit,</span> <span class='ocrx_word' id='word_1_184' title='bbox 842 2409 974 2470; x_wconf 90' lang='lat' dir='ltr'>tutiores</span> <span class='ocrx_word' id='word_1_185' title='bbox 1010 2417 1100 2471; x_wconf 88' lang='lat' dir='ltr'>erunt</span> <span class='ocrx_word' id='word_1_186' title='bbox 1130 2407 1310 2488; x_wconf 90' lang='lat' dir='ltr'>superbiam</span> 
     </span>
     <span class='ocr_line' id='line_1_21' title="bbox 82 2502 1350 2596; baseline -0.004 -20"><span class='ocrx_word' id='word_1_187' title='bbox 82 2502 282 2578; x_wconf 82' lang='lat' dir='ltr'>detrahendo</span> <span class='ocrx_word' id='word_1_188' title='bbox 305 2511 400 2576; x_wconf 89' lang='lat' dir='ltr'>rebus</span> <span class='ocrx_word' id='word_1_189' title='bbox 423 2533 480 2594; x_wconf 93' lang='lat' dir='ltr'>per</span> <span class='ocrx_word' id='word_1_190' title='bbox 503 2533 537 2575; x_wconf 89' lang='lat' dir='ltr'>se</span> <span class='ocrx_word' id='word_1_191' title='bbox 557 2514 699 2593; x_wconf 91' lang='lat' dir='ltr'>superbis</span> <span class='ocrx_word' id='word_1_192' title='bbox 715 2523 747 2575; x_wconf 93' lang='lat' dir='ltr'>et</span> <span class='ocrx_word' id='word_1_193' title='bbox 763 2512 920 2575; x_wconf 86' lang='lat' dir='ltr'>fortunam</span> <span class='ocrx_word' id='word_1_194' title='bbox 936 2535 1034 2590; x_wconf 90' lang='lat' dir='ltr'>suam,</span> <span class='ocrx_word' id='word_1_195' title='bbox 1058 2536 1152 2596; x_wconf 92' lang='lat' dir='ltr'>quam</span> <span class='ocrx_word' id='word_1_196' title='bbox 1169 2516 1311 2576; x_wconf 88' lang='lat' dir='ltr'>maxime</span> <span class='ocrx_word' id='word_1_197' title='bbox 1324 2530 1350 2571; x_wconf 72' lang='lat' dir='ltr'>ro</span> 
     </span>
     <span class='ocr_line' id='line_1_22' title="bbox 80 2618 1309 2704; baseline -0.002 -21"><span class='ocrx_word' id='word_1_198' title='bbox 80 2629 241 2703; x_wconf 89' lang='lat' dir='ltr'>poterunt,</span> <span class='ocrx_word' id='word_1_199' title='bbox 265 2622 296 2682; x_wconf 96' lang='lat' dir='ltr'>in</span> <span class='ocrx_word' id='word_1_200' title='bbox 320 2619 448 2704; x_wconf 86' lang='lat' dir='ltr'>planum</span> <span class='ocrx_word' id='word_1_201' title='bbox 472 2619 655 2682; x_wconf 81' lang='lat' dir='ltr'>deserendo.</span> <span class='ocrx_word' id='word_1_202' title='bbox 701 2618 790 2681; x_wconf 90' lang='lat' dir='ltr'>multi</span> <span class='ocrx_word' id='word_1_203' title='bbox 813 2621 941 2699; x_wconf 87' lang='lat' dir='ltr'>quidem</span> <span class='ocrx_word' id='word_1_204' title='bbox 964 2630 1045 2696; x_wconf 92' lang='lat' dir='ltr'>sunt,</span> <span class='ocrx_word' id='word_1_205' title='bbox 1067 2621 1180 2702; x_wconf 94' lang='lat' dir='ltr'>quibus</span> <span class='ocrx_word' id='word_1_206' title='bbox 1202 2641 1309 2681; x_wconf 90' lang='lat' dir='ltr'>neces-</span> 
     </span>
     <span class='ocr_line' id='line_1_23' title="bbox 79 2726 1310 2808; baseline -0.001 -19"><span class='ocrx_word' id='word_1_207' title='bbox 79 2730 161 2790; x_wconf 90' lang='lat' dir='ltr'>sario</span> <span class='ocrx_word' id='word_1_208' title='bbox 198 2726 392 2788; x_wconf 88' lang='lat' dir='ltr'>haerendum</span> <span class='ocrx_word' id='word_1_209' title='bbox 429 2728 469 2788; x_wconf 91' lang='lat' dir='ltr'>sit</span> <span class='ocrx_word' id='word_1_210' title='bbox 499 2727 529 2787; x_wconf 90' lang='lat' dir='ltr'>in</span> <span class='ocrx_word' id='word_1_211' title='bbox 560 2726 685 2806; x_wconf 83' lang='lat' dir='ltr'>fastigio</span> <span class='ocrx_word' id='word_1_212' title='bbox 716 2747 791 2801; x_wconf 86' lang='lat' dir='ltr'>suu,</span> <span class='ocrx_word' id='word_1_213' title='bbox 827 2746 868 2787; x_wconf 89' lang='lat' dir='ltr'>ex</span> <span class='ocrx_word' id='word_1_214' title='bbox 900 2749 964 2808; x_wconf 90' lang='lat' dir='ltr'>quo</span> <span class='ocrx_word' id='word_1_215' title='bbox 994 2749 1059 2790; x_wconf 92' lang='lat' dir='ltr'>non</span> <span class='ocrx_word' id='word_1_216' title='bbox 1090 2738 1222 2808; x_wconf 92' lang='lat' dir='ltr'>possunt</span> <span class='ocrx_word' id='word_1_217' title='bbox 1252 2729 1310 2789; x_wconf 93' lang='lat' dir='ltr'>nisi</span> 
     </span>
     <span class='ocr_line' id='line_1_24' title="bbox 81 2832 1310 2914; baseline -0.001 -18"><span class='ocrx_word' id='word_1_218' title='bbox 81 2834 228 2896; x_wconf 92' lang='lat' dir='ltr'>cadendo</span> <span class='ocrx_word' id='word_1_219' title='bbox 267 2832 476 2895; x_wconf 87' lang='lat' dir='ltr'>descendere:</span> <span class='ocrx_word' id='word_1_220' title='bbox 515 2834 573 2894; x_wconf 90' lang='lat' dir='ltr'>sed</span> <span class='ocrx_word' id='word_1_221' title='bbox 611 2833 673 2894; x_wconf 94' lang='lat' dir='ltr'>hoc</span> <span class='ocrx_word' id='word_1_222' title='bbox 703 2835 806 2914; x_wconf 92' lang='lat' dir='ltr'>ipsum</span> <span class='ocrx_word' id='word_1_223' title='bbox 832 2842 992 2903; x_wconf 87' lang='lat' dir='ltr'>testentur</span> <span class='ocrx_word' id='word_1_224' title='bbox 1022 2836 1198 2896; x_wconf 90' lang='lat' dir='ltr'>maximum</span> <span class='ocrx_word' id='word_1_225' title='bbox 1231 2855 1310 2895; x_wconf 93' lang='lat' dir='ltr'>onus</span> 
     </span>
     <span class='ocr_line' id='line_1_25' title="bbox 80 2937 1309 3020; baseline -0.001 -18"><span class='ocrx_word' id='word_1_226' title='bbox 80 2960 173 3002; x_wconf 94' lang='lat' dir='ltr'>suum</span> <span class='ocrx_word' id='word_1_227' title='bbox 205 2959 292 3014; x_wconf 90' lang='lat' dir='ltr'>esse,</span> <span class='ocrx_word' id='word_1_228' title='bbox 322 2942 410 3020; x_wconf 94' lang='lat' dir='ltr'>quod</span> <span class='ocrx_word' id='word_1_229' title='bbox 442 2937 507 3001; x_wconf 88' lang='lat' dir='ltr'>aliis</span> <span class='ocrx_word' id='word_1_230' title='bbox 539 2959 652 3020; x_wconf 86' lang='lat' dir='ltr'>graues</span> <span class='ocrx_word' id='word_1_231' title='bbox 685 2959 755 3001; x_wconf 93' lang='lat' dir='ltr'>esse</span> <span class='ocrx_word' id='word_1_232' title='bbox 778 2949 948 3020; x_wconf 82' lang='lat' dir='ltr'>cogantur,</span> <span class='ocrx_word' id='word_1_233' title='bbox 981 2961 1040 3003; x_wconf 91' lang='lat' dir='ltr'>nec</span> <span class='ocrx_word' id='word_1_234' title='bbox 1062 2940 1243 3003; x_wconf 89' lang='lat' dir='ltr'>subleuatos</span> <span class='ocrx_word' id='word_1_235' title='bbox 1266 2960 1309 3015; x_wconf 90' lang='lat' dir='ltr'>se,</span> 
     </span>
     <span class='ocr_line' id='line_1_26' title="bbox 81 3033 1445 3135; baseline -0.004 -27"><span class='ocrx_word' id='word_1_236' title='bbox 81 3049 138 3108; x_wconf 93' lang='lat' dir='ltr'>sed</span> <span class='ocrx_word' id='word_1_237' title='bbox 161 3044 303 3108; x_wconf 85' lang='lat' dir='ltr'>suffixos.</span> <span class='ocrx_word' id='word_1_238' title='bbox 349 3046 479 3119; x_wconf 91' lang='lat' dir='ltr'>iustitia,</span> <span class='ocrx_word' id='word_1_239' title='bbox 509 3045 761 3120; x_wconf 90' lang='lat' dir='ltr'>mansuetudine,</span> <span class='ocrx_word' id='word_1_240' title='bbox 789 3033 986 3109; x_wconf 91' lang='lat' dir='ltr'>humanitate</span> <span class='ocrx_word' id='word_1_241' title='bbox 1007 3047 1096 3128; x_wconf 83' lang='lat' dir='ltr'>larga</span> <span class='ocrx_word' id='word_1_242' title='bbox 1119 3057 1150 3110; x_wconf 88' lang='lat' dir='ltr'>et</span> <span class='ocrx_word' id='word_1_243' title='bbox 1172 3047 1311 3127; x_wconf 83' lang='lat' dir='ltr'>benigna</span> <span class='ocrx_word' id='word_1_244' title='bbox 1324 3040 1350 3103; x_wconf 75' lang='lat' dir='ltr'>rs</span> <span class='ocrx_word' id='word_1_245' title='bbox 1441 3126 1445 3135; x_wconf 30' lang='grc' dir='ltr'>Ι</span> 
     </span>
     <span class='ocr_line' id='line_1_27' title="bbox 82 3151 1310 3235; baseline -0.001 -20"><span class='ocrx_word' id='word_1_246' title='bbox 82 3173 179 3215; x_wconf 92' lang='lat' dir='ltr'>manu</span> <span class='ocrx_word' id='word_1_247' title='bbox 202 3161 392 3233; x_wconf 89' lang='lat' dir='ltr'>praeparent</span> <span class='ocrx_word' id='word_1_248' title='bbox 415 3151 515 3214; x_wconf 88' lang='lat' dir='ltr'>multa</span> <span class='ocrx_word' id='word_1_249' title='bbox 537 3153 578 3213; x_wconf 93' lang='lat' dir='ltr'>ad</span> <span class='ocrx_word' id='word_1_250' title='bbox 602 3153 758 3213; x_wconf 88' lang='lat' dir='ltr'>secundos</span> <span class='ocrx_word' id='word_1_251' title='bbox 782 3173 870 3214; x_wconf 90' lang='lat' dir='ltr'>casus</span> <span class='ocrx_word' id='word_1_252' title='bbox 894 3154 1062 3233; x_wconf 86' lang='lat' dir='ltr'>praesidia,</span> <span class='ocrx_word' id='word_1_253' title='bbox 1094 3173 1229 3233; x_wconf 90' lang='lat' dir='ltr'>quorum</span> <span class='ocrx_word' id='word_1_254' title='bbox 1253 3174 1310 3235; x_wconf 92' lang='lat' dir='ltr'>spe</span> 
     </span>
     <span class='ocr_line' id='line_1_28' title="bbox 72 3254 1310 3339; baseline 0 -18"><span class='ocrx_word' id='word_1_255' title='bbox 72 3254 220 3322; x_wconf 62' lang='lat' dir='ltr'>&#39;securius</span> <span class='ocrx_word' id='word_1_256' title='bbox 250 3260 418 3339; x_wconf 91' lang='lat' dir='ltr'>pendeant.</span> <span class='ocrx_word' id='word_1_257' title='bbox 464 3257 540 3319; x_wconf 91' lang='lat' dir='ltr'>nihil</span> <span class='ocrx_word' id='word_1_258' title='bbox 570 3266 677 3319; x_wconf 86' lang='lat' dir='ltr'>tamen</span> <span class='ocrx_word' id='word_1_259' title='bbox 706 3278 806 3339; x_wconf 91' lang='lat' dir='ltr'>aeque</span> <span class='ocrx_word' id='word_1_260' title='bbox 829 3279 888 3320; x_wconf 92' lang='lat' dir='ltr'>nos</span> <span class='ocrx_word' id='word_1_261' title='bbox 912 3258 953 3320; x_wconf 91' lang='lat' dir='ltr'>ab</span> <span class='ocrx_word' id='word_1_262' title='bbox 976 3258 1023 3321; x_wconf 92' lang='lat' dir='ltr'>his</span> <span class='ocrx_word' id='word_1_263' title='bbox 1047 3262 1141 3322; x_wconf 90' lang='lat' dir='ltr'>animi</span> <span class='ocrx_word' id='word_1_264' title='bbox 1165 3258 1310 3322; x_wconf 90' lang='lat' dir='ltr'>fluctibus</span> 
     </span>
     <span class='ocr_line' id='line_1_29' title="bbox 83 3350 1310 3446; baseline 0.002 -21"><span class='ocrx_word' id='word_1_265' title='bbox 83 3365 302 3437; x_wconf 87' lang='lat' dir='ltr'>uindicauerit,</span> <span class='ocrx_word' id='word_1_266' title='bbox 334 3383 429 3445; x_wconf 91' lang='lat' dir='ltr'>quam</span> <span class='ocrx_word' id='word_1_267' title='bbox 459 3384 586 3444; x_wconf 88' lang='lat' dir='ltr'>semper</span> <span class='ocrx_word' id='word_1_268' title='bbox 617 3364 752 3445; x_wconf 88' lang='lat' dir='ltr'>aliquem</span> <span class='ocrx_word' id='word_1_269' title='bbox 783 3350 981 3427; x_wconf 85' lang='lat' dir='ltr'>incrementis</span> <span class='ocrx_word' id='word_1_270' title='bbox 1012 3369 1183 3428; x_wconf 88' lang='lat' dir='ltr'>terminum</span> <span class='ocrx_word' id='word_1_271' title='bbox 1203 3365 1310 3446; x_wconf 87' lang='lat' dir='ltr'>figere,</span> 
     </span>
     <span class='ocr_line' id='line_1_30' title="bbox 83 3468 1310 3554; baseline 0.001 -22"><span class='ocrx_word' id='word_1_272' title='bbox 83 3491 140 3532; x_wconf 91' lang='lat' dir='ltr'>nec</span> <span class='ocrx_word' id='word_1_273' title='bbox 170 3468 314 3531; x_wconf 85' lang='lat' dir='ltr'>fortunae</span> <span class='ocrx_word' id='word_1_274' title='bbox 343 3469 504 3538; x_wconf 89' lang='lat' dir='ltr'>arbitrium</span> <span class='ocrx_word' id='word_1_275' title='bbox 529 3471 692 3531; x_wconf 90' lang='lat' dir='ltr'>desinendi</span> <span class='ocrx_word' id='word_1_276' title='bbox 716 3471 811 3532; x_wconf 87' lang='lat' dir='ltr'>dare:</span> <span class='ocrx_word' id='word_1_277' title='bbox 846 3472 924 3548; x_wconf 79' lang='lat' dir='ltr'>[sed]</span> <span class='ocrx_word' id='word_1_278' title='bbox 949 3473 1035 3552; x_wconf 92' lang='lat' dir='ltr'>ipsos</span> <span class='ocrx_word' id='word_1_279' title='bbox 1058 3471 1158 3533; x_wconf 91' lang='lat' dir='ltr'>multo</span> <span class='ocrx_word' id='word_1_280' title='bbox 1182 3472 1310 3554; x_wconf 89' lang='lat' dir='ltr'>quidem</span> 
     </span>
    </p>
   </div>
   <div class='ocr_carea' id='block_1_3' title="bbox 86 3668 1310 3785">
    <p class='ocr_par' dir='ltr' id='par_1_3' title="bbox 86 3668 1310 3785">
     <span class='ocr_line' id='line_1_31' title="bbox 86 3668 1310 3785; baseline -0.002 -17"><span class='ocrx_word' id='word_1_281' title='bbox 86 3716 280 3782; x_wconf 88' lang='lat' dir='ltr'>lalligauerunt</span> <span class='ocrx_word' id='word_1_282' title='bbox 352 3715 471 3782; x_wconf 73' lang='lat' dir='ltr'>3pr9mit</span> <span class='ocrx_word' id='word_1_283' title='bbox 561 3668 642 3782; x_wconf 74' lang='lat' dir='ltr'>capud</span> <span class='ocrx_word' id='word_1_284' title='bbox 655 3713 682 3784; x_wconf 89' lang='lat' dir='ltr'>(d</span> <span class='ocrx_word' id='word_1_285' title='bbox 695 3715 722 3768; x_wconf 81' lang='lat' dir='ltr'>iu</span> <span class='ocrx_word' id='word_1_286' title='bbox 736 3721 744 3765; x_wconf 85' lang='lat' dir='ltr'>t</span> <span class='ocrx_word' id='word_1_287' title='bbox 758 3719 841 3781; x_wconf 84' lang='lat' dir='ltr'>corr.)</span> <span class='ocrx_word' id='word_1_288' title='bbox 913 3716 1015 3768; x_wconf 82' lang='lat' dir='ltr'>4exilla</span> <span class='ocrx_word' id='word_1_289' title='bbox 1030 3715 1236 3784; x_wconf 79' lang='lat' dir='ltr'>(aiteralcorr.</span> <span class='ocrx_word' id='word_1_290' title='bbox 1251 3716 1278 3769; x_wconf 84' lang='lat' dir='ltr'>iu</span> <span class='ocrx_word' id='word_1_291' title='bbox 1291 3717 1310 3785; x_wconf 91' lang='lat' dir='ltr'>i)</span> 
     </span>
    </p>
   </div>
   <div class='ocr_carea' id='block_1_4' title="bbox 153 3803 1384 3929">
    <p class='ocr_par' dir='ltr' id='par_1_4' title="bbox 153 3803 1384 3929">
     <span class='ocr_line' id='line_1_32' title="bbox 153 3803 1384 3929; baseline -0.005 -17"><span class='ocrx_word' id='word_1_292' title='bbox 153 3858 343 3912; x_wconf 83' lang='lat' dir='ltr'>5condicionis</span> <span class='ocrx_word' id='word_1_293' title='bbox 356 3857 379 3924; x_wconf 92' lang='lat' dir='ltr'>(s</span> <span class='ocrx_word' id='word_1_294' title='bbox 393 3855 457 3924; x_wconf 79' lang='lat' dir='ltr'>dei.)</span> <span class='ocrx_word' id='word_1_295' title='bbox 549 3856 671 3923; x_wconf 78' lang='lat' dir='ltr'>tiquich</span> <span class='ocrx_word' id='word_1_296' title='bbox 761 3803 928 3924; x_wconf 55' lang='lat' dir='ltr'>vadpr&#39;elll‘u</span> <span class='ocrx_word' id='word_1_297' title='bbox 1018 3861 1042 3907; x_wconf 93' lang='lat' dir='ltr'>in</span> <span class='ocrx_word' id='word_1_298' title='bbox 1055 3876 1104 3923; x_wconf 92' lang='lat' dir='ltr'>quo</span> <span class='ocrx_word' id='word_1_299' title='bbox 1117 3857 1215 3929; x_wconf 74' lang='lat' dir='ltr'>uulpo:</span> <span class='ocrx_word' id='word_1_300' title='bbox 1236 3861 1311 3924; x_wconf 88' lang='lat' dir='ltr'>inqua</span> <span class='ocrx_word' id='word_1_301' title='bbox 1382 3902 1384 3906; x_wconf 80' lang='grc'>,</span> 
     </span>
    </p>
   </div>
   <div class='ocr_carea' id='block_1_5' title="bbox 155 3943 1214 4014">
    <p class='ocr_par' dir='ltr' id='par_1_5' title="bbox 155 3943 1214 4014">
     <span class='ocr_line' id='line_1_33' title="bbox 155 3943 1214 4014; baseline 0 -14"><span class='ocrx_word' id='word_1_302' title='bbox 155 3947 188 4000; x_wconf 87' lang='grc'>12</span> <span class='ocrx_word' id='word_1_303' title='bbox 209 3947 369 4011; x_wconf 83' lang='lat' dir='ltr'>inlonginqua</span> <span class='ocrx_word' id='word_1_304' title='bbox 382 3944 441 3998; x_wconf 82' lang='lat' dir='ltr'>cod.</span> <span class='ocrx_word' id='word_1_305' title='bbox 455 3947 479 3996; x_wconf 89' lang='lat' dir='ltr'>in</span> <span class='ocrx_word' id='word_1_306' title='bbox 493 3946 653 4011; x_wconf 83' lang='lat' dir='ltr'>longinquum</span> <span class='ocrx_word' id='word_1_307' title='bbox 666 3943 748 4014; x_wconf 65' lang='lat' dir='ltr'>uulfflr</span> <span class='ocrx_word' id='word_1_308' title='bbox 840 3946 872 4000; x_wconf 83' lang='lat'>13</span> <span class='ocrx_word' id='word_1_309' title='bbox 886 3946 933 3996; x_wconf 88' lang='lat' dir='ltr'>illis</span> <span class='ocrx_word' id='word_1_310' title='bbox 947 3944 966 4013; x_wconf 87' lang='lat' dir='ltr'>(i</span> <span class='ocrx_word' id='word_1_311' title='bbox 979 3945 1067 4000; x_wconf 81' lang='lat' dir='ltr'>alteru</span> <span class='ocrx_word' id='word_1_312' title='bbox 1080 3948 1214 4012; x_wconf 80' lang='lat' dir='ltr'>correcta)</span> 
     </span>
    </p>
   </div>
   <div class='ocr_carea' id='block_1_6' title="bbox 88 4034 1225 4154">
    <p class='ocr_par' dir='ltr' id='par_1_6' title="bbox 88 4034 1225 4154">
     <span class='ocr_line' id='line_1_34' title="bbox 88 4034 1225 4154; baseline 0 -17"><span class='ocrx_word' id='word_1_313' title='bbox 88 4088 175 4138; x_wconf 75' lang='lat' dir='ltr'>includi</span> <span class='ocrx_word' id='word_1_314' title='bbox 192 4105 220 4138; x_wconf 89' lang='lat' dir='ltr'>se</span> <span class='ocrx_word' id='word_1_315' title='bbox 238 4084 314 4141; x_wconf 67' lang='lat' dir='ltr'>Koria</span> <span class='ocrx_word' id='word_1_316' title='bbox 333 4085 622 4141; x_wconf 65' lang='lat' dir='ltr'>secuudumnSenecae</span> <span class='ocrx_word' id='word_1_317' title='bbox 640 4083 877 4140; x_wconf 77' lang='lat' dir='ltr'>consuetudinem:</span> <span class='ocrx_word' id='word_1_318' title='bbox 898 4088 990 4138; x_wconf 87' lang='lat' dir='ltr'>includi</span> <span class='ocrx_word' id='word_1_319' title='bbox 1080 4087 1114 4140; x_wconf 86' lang='grc'>14</span> <span class='ocrx_word' id='word_1_320' title='bbox 1129 4034 1225 4154; x_wconf 51' lang='lat' dir='ltr'>hisrquae</span> 
     </span>
    </p>
   </div>
   <div class='ocr_carea' id='block_1_7' title="bbox 56 4174 1313 4510">
    <p class='ocr_par' dir='ltr' id='par_1_7' title="bbox 56 4174 1313 4510">
     <span class='ocr_line' id='line_1_35' title="bbox 90 4174 1311 4243; baseline 0.005 -17"><span class='ocrx_word' id='word_1_321' title='bbox 90 4175 118 4229; x_wconf 81' lang='lat'>18</span> <span class='ocrx_word' id='word_1_322' title='bbox 142 4183 260 4243; x_wconf 84' lang='lat' dir='ltr'>prerupta</span> <span class='ocrx_word' id='word_1_323' title='bbox 350 4192 429 4226; x_wconf 88' lang='lat' dir='ltr'>rursus</span> <span class='ocrx_word' id='word_1_324' title='bbox 449 4174 614 4230; x_wconf 77' lang='lat' dir='ltr'>deteriores:</span> <span class='ocrx_word' id='word_1_325' title='bbox 636 4192 718 4225; x_wconf 90' lang='lat' dir='ltr'>aursus</span> <span class='ocrx_word' id='word_1_326' title='bbox 737 4175 776 4242; x_wconf 90' lang='lat' dir='ltr'>(ur</span> <span class='ocrx_word' id='word_1_327' title='bbox 793 4176 822 4227; x_wconf 76' lang='lat' dir='ltr'>in</span> <span class='ocrx_word' id='word_1_328' title='bbox 840 4193 883 4226; x_wconf 91' lang='lat' dir='ltr'>uer</span> <span class='ocrx_word' id='word_1_329' title='bbox 901 4176 984 4242; x_wconf 85' lang='lat' dir='ltr'>corr.)</span> <span class='ocrx_word' id='word_1_330' title='bbox 1083 4176 1115 4228; x_wconf 80' lang='grc'>19</span> <span class='ocrx_word' id='word_1_331' title='bbox 1140 4179 1220 4241; x_wconf 89' lang='lat' dir='ltr'>posuit</span> <span class='ocrx_word' id='word_1_332' title='bbox 1240 4175 1311 4232; x_wconf 78' lang='lat' dir='ltr'>deie-</span> 
     </span>
     <span class='ocr_line' id='line_1_36' title="bbox 89 4263 1312 4333; baseline 0.003 -17"><span class='ocrx_word' id='word_1_333' title='bbox 89 4264 185 4320; x_wconf 79' lang='lat' dir='ltr'>rt&#39;ores:</span> <span class='ocrx_word' id='word_1_334' title='bbox 206 4265 272 4330; x_wconf 79' lang='lat' dir='ltr'>pluit</span> <span class='ocrx_word' id='word_1_335' title='bbox 357 4263 520 4333; x_wconf 83' lang='lat' dir='ltr'>22herend1&#39;1</span> <span class='ocrx_word' id='word_1_336' title='bbox 605 4263 639 4316; x_wconf 79' lang='lat'>25</span> <span class='ocrx_word' id='word_1_337' title='bbox 658 4265 818 4331; x_wconf 84' lang='lat' dir='ltr'>humanitate,</span> <span class='ocrx_word' id='word_1_338' title='bbox 837 4265 907 4328; x_wconf 83' lang='lat' dir='ltr'>larga</span> <span class='ocrx_word' id='word_1_339' title='bbox 921 4263 1045 4333; x_wconf 64' lang='lat' dir='ltr'>Lipsius:</span> <span class='ocrx_word' id='word_1_340' title='bbox 1066 4266 1182 4317; x_wconf 85' lang='lat' dir='ltr'>humana.</span> <span class='ocrx_word' id='word_1_341' title='bbox 1202 4263 1312 4332; x_wconf 82' lang='lat' dir='ltr'>(lacuna</span> 
     </span>
     <span class='ocr_line' id='line_1_37' title="bbox 91 4348 1313 4422; baseline 0.002 -16"><span class='ocrx_word' id='word_1_342' title='bbox 91 4361 214 4420; x_wconf 79' lang='lat' dir='ltr'>quattuor</span> <span class='ocrx_word' id='word_1_343' title='bbox 229 4352 294 4420; x_wconf 80' lang='lat' dir='ltr'>fere</span> <span class='ocrx_word' id='word_1_344' title='bbox 312 4350 474 4416; x_wconf 80' lang='lat' dir='ltr'>litterarum)</span> <span class='ocrx_word' id='word_1_345' title='bbox 494 4352 564 4417; x_wconf 84' lang='lat' dir='ltr'>larga</span> <span class='ocrx_word' id='word_1_346' title='bbox 583 4352 620 4418; x_wconf 84' lang='lat' dir='ltr'>(iu</span> <span class='ocrx_word' id='word_1_347' title='bbox 639 4351 707 4419; x_wconf 83' lang='lat' dir='ltr'>ras.)</span> <span class='ocrx_word' id='word_1_348' title='bbox 809 4352 843 4405; x_wconf 82' lang='lat'>29</span> <span class='ocrx_word' id='word_1_349' title='bbox 871 4353 914 4402; x_wconf 90' lang='lat' dir='ltr'>sed</span> <span class='ocrx_word' id='word_1_350' title='bbox 933 4351 1044 4404; x_wconf 79' lang='lat' dir='ltr'>induxit</span> <span class='ocrx_word' id='word_1_351' title='bbox 1065 4348 1155 4420; x_wconf 82' lang='lat' dir='ltr'>Gertz,</span> <span class='ocrx_word' id='word_1_352' title='bbox 1175 4355 1223 4422; x_wconf 86' lang='lat' dir='ltr'>qui</span> <span class='ocrx_word' id='word_1_353' title='bbox 1239 4359 1313 4408; x_wconf 80' lang='lat' dir='ltr'>recte</span> 
     </span>
     <span class='ocr_line' id='line_1_38' title="bbox 56 4437 1312 4510; baseline 0.002 -20"><span class='ocrx_word' id='word_1_354' title='bbox 56 4446 60 4456; x_wconf 84' lang='lat'>·</span> <span class='ocrx_word' id='word_1_355' title='bbox 92 4441 245 4495; x_wconf 80' lang='lat' dir='ltr'>sententium</span> <span class='ocrx_word' id='word_1_356' title='bbox 269 4438 308 4493; x_wconf 85' lang='lat' dir='ltr'>ita</span> <span class='ocrx_word' id='word_1_357' title='bbox 332 4445 458 4504; x_wconf 82' lang='lat' dir='ltr'>enarrat,</span> <span class='ocrx_word' id='word_1_358' title='bbox 488 4447 518 4492; x_wconf 83' lang='lat' dir='ltr'>ut</span> <span class='ocrx_word' id='word_1_359' title='bbox 542 4441 603 4500; x_wconf 80' lang='lat' dir='ltr'>citra</span> <span class='ocrx_word' id='word_1_360' title='bbox 628 4441 663 4493; x_wconf 80' lang='lat' dir='ltr'>rii</span> <span class='ocrx_word' id='word_1_361' title='bbox 684 4437 840 4510; x_wconf 81' lang='lat' dir='ltr'>‘autequam</span> <span class='ocrx_word' id='word_1_362' title='bbox 861 4438 977 4508; x_wconf 81' lang='lat' dir='ltr'>fortuna</span> <span class='ocrx_word' id='word_1_363' title='bbox 1000 4456 1051 4493; x_wconf 86' lang='lat' dir='ltr'>sua</span> <span class='ocrx_word' id='word_1_364' title='bbox 1075 4446 1171 4510; x_wconf 78' lang='lat' dir='ltr'>sponte</span> <span class='ocrx_word' id='word_1_365' title='bbox 1189 4439 1312 4506; x_wconf 83' lang='lat' dir='ltr'>desinut&#39;,</span> 
     </span>
    </p>
   </div>
   <div class='ocr_carea' id='block_1_8' title="bbox 1068 4527 1099 4580">
    <p class='ocr_par' dir='ltr' id='par_1_8' title="bbox 1068 4527 1099 4580">
     <span class='ocr_line' id='line_1_39' title="bbox 1068 4527 1099 4580; baseline 0 0"><span class='ocrx_word' id='word_1_366' title='bbox 1068 4527 1099 4580; x_wconf 92' lang='grc'>14</span> 
     </span>
    </p>
   </div>
   <div class='ocr_carea' id='block_1_9' title="bbox 0 0 1560 5092">
    <p class='ocr_par' dir='ltr' id='par_1_9' title="bbox 0 0 1560 5092">
     <span class='ocr_line' id='line_1_40' title="bbox 0 0 1560 5092; baseline 0 0"><span class='ocrx_word' id='word_1_367' title='bbox 0 0 1560 5092; x_wconf 95' lang='lat' dir='ltr'> </span> 
     </span>
    </p>
   </div>
  </div>
 </body>
</html>
