3046 5092
422 331 500 373 DlAL.
517 333 554 373 lV.
585 333 623 372 DE
639 332 693 372 lun
709 332 762 373 LlB.
779 331 808 373 ΙΙ.
837 333 919 373 3234.
1243 331 1280 391 81

52 479 248 541 centesimus
272 487 304 539 et
327 478 473 558 potiones
497 479 551 538 uix
567 476 717 540 honestas
737 476 892 538 natalibus
908 475 1078 536 liberorum
1094 475 1285 555 podagricus

52 606 158 647 senex
182 583 354 658 hauriebat,
379 603 450 644 cum
474 584 598 644 interim
629 605 694 645 non
721 583 882 645 lacrimam
906 582 1021 655 emisit,
1050 601 1114 641 non
1139 580 1284 642 dolorem

54 692 163 773 aliquo
194 692 285 771 signo
317 710 483 770 erumpere
513 710 623 770 passus
660 699 715 752 est.
762 690 884 751 cenauit
921 698 1085 768 tamquam
1124 708 1183 768 pro
1221 687 1284 749 filio

19 802 233 859 &exorasset
280 796 410 878 quaeris,
435 800 551 876 quare?
585 796 726 857 habebat
757 795 898 857 alterum.
944 796 1020 877 quid
1051 794 1100 855 ille
1125 795 1285 855 Priamus?

55 925 123 965 non
155 902 361 965 dissimulauit
391 904 468 964 iram
500 912 532 964 et
563 905 645 983 regis
676 922 780 982 genua
810 878 999 983 complexus
1030 905 1098 962 est?
1128 900 1284 962 funestam
1314 927 1326 965 s

56 1009 281 1091 perfusamque
313 1029 423 1071 cruore
453 1007 495 1070 fili
527 1029 655 1070 manum
684 1011 726 1070 ad
749 1030 786 1071 os
810 1029 901 1070 suum
925 1007 1037 1084 retulit,
1062 1010 1204 1070 cenauit?
1228 1009 1287 1068 sed
1311 1050 1314 1058 ·

56 1128 168 1179 tamen
199 1118 265 1178 sine
293 1124 471 1196 unguento,
502 1116 569 1176 sine
597 1116 734 1190 coroniS,
766 1125 798 1176 et
828 1115 913 1176 illum
952 1114 1052 1177 hostis
1089 1115 1288 1176 saeuissimus

59 1224 165 1285 multis
196 1222 327 1296 solaciis
367 1231 402 1282 ut
433 1221 537 1282 cibum
569 1231 712 1302 caperet,
733 1221 887 1282 hortatus
918 1231 981 1295 est,
1012 1242 1077 1282 non
1108 1230 1142 1282 ut
1174 1219 1288 1302 pocula

26 1330 200 1410 tingentia
223 1325 317 1408 super
339 1336 434 1408 caput
457 1329 562 1409 posito
580 1329 713 1389 custode
728 1328 866 1389 siccaret.
914 1329 1156 1409 contempsisset
1179 1336 1286 1406 tyran-

59 1457 136 1498 num
160 1445 259 1516 pater,
283 1436 307 1496 si
330 1435 389 1495 sibi
413 1435 584 1496 timuisset:
612 1455 693 1495 nunc
716 1435 794 1495 iram
813 1436 996 1516 conpescuit
1018 1435 1127 1515 pietas.
1175 1435 1288 1513 dignus
1304 1456 1328 1496 ιο

60 1543 115 1604 fuit
140 1545 189 1604 cui
211 1542 408 1623 permitteret
431 1562 450 1602 a
473 1542 683 1627 conuiuiolad
707 1561 780 1602 ossa
802 1540 844 1602 fili
867 1540 1004 1619 legenda
1033 1541 1202 1602 discedere.
1249 1561 1289 1602 ne

62 1648 123 1710 hoc
146 1650 276 1729 quidem
300 1648 441 1728 permisit
470 1648 626 1726 benignus
650 1648 772 1708 interim
797 1657 829 1708 et
861 1649 959 1708 comis
983 1647 1188 1709 adulescens:
1215 1667 1287 1727 pro-

63 1755 274 1836 pinationibus
297 1774 405 1815 senem
429 1753 554 1828 crebris,
579 1763 613 1815 ut
636 1775 710 1815 cura
733 1754 887 1827 leniretur,
911 1755 1087 1815 admonens
1104 1752 1289 1829 lacessebat,

64 1871 173 1923 contra
212 1860 262 1921 ille
299 1880 334 1920 se
372 1842 489 1946 laetum
529 1870 561 1922 et
600 1859 743 1935 oblitum,
781 1861 856 1940 quid
895 1881 934 1922 eo
973 1870 1077 1922 actum
1116 1870 1199 1922 esset
1231 1862 1289 1934 die,
1332 1930 1337 1940 ,

65 1968 225 2049 praestitit.
271 1968 406 2047 perierat
434 1966 513 2028 alter
536 1966 631 2041 filius,
662 1968 688 2028 si
711 1965 844 2028 carnifici
871 1967 1005 2028 conuiua
1028 1988 1091 2028 non
1114 1967 1331 2048 placuisset.15

40 2083 49 2132 l
152 2073 304 2134 XXXIV.
351 2073 439 2153 Ergo
462 2075 508 2134 ira
537 2073 760 2138 abstinendum
785 2082 846 2147 est,
877 2075 942 2135 siue
965 2095 1023 2154 par
1047 2084 1094 2135 est
1117 2076 1169 2155 qui
1193 2073 1290 2135 laces-

63 2183 180 2242 sendus
204 2189 251 2240 est
274 2181 339 2239 siue
355 2181 496 2259 superior
520 2181 585 2241 siue
609 2179 742 2241 inferior.
788 2193 859 2241 cum
876 2201 952 2261 pare
967 2181 1160 2242 contendere
1176 2201 1292 2260 anceps

64 2298 119 2360 est,
159 2307 231 2346 cum
270 2287 430 2366 superiore
461 2285 628 2360 furiosum,
667 2306 738 2346 cum
778 2286 924 2348 inferiore
962 2289 1136 2349 sordidum.
1191 2286 1292 2368 pusilli

61 2392 200 2455 hominis
229 2401 261 2453 et
289 2392 392 2452 miseri
424 2401 471 2452 est
502 2374 645 2473 repetere
676 2393 888 2454 mordentem.
936 2414 1041 2455 mures
1072 2394 1292 2474 formicaeque,

60 2501 87 2560 si
112 2519 243 2560 manum
268 2499 457 2571 admoueris,
482 2519 539 2559 ora
562 2509 758 2573 conuertunt,
782 2499 936 2561 inbecillia
959 2521 993 2561 se
1017 2500 1099 2562 laedi
1122 2509 1244 2581 putant,
1268 2501 1334 2565 sim

17 2605 35 2656 2
60 2615 244 2686 tanguntur.
290 2603 383 2665 faciet
414 2625 472 2665 nos
504 2605 660 2678 mitiores,
693 2605 718 2665 si
742 2606 1001 2684 cogitauerimus,
1025 2609 1100 2687 quid
1125 2607 1294 2687 aliquando

58 2713 158 2773 nobis
188 2704 340 2792 profuerit
373 2710 421 2770 ille
452 2712 500 2771 cui
531 2711 706 2784 irascimur,
739 2722 771 2771 et
803 2712 920 2772 meritis
959 2712 1079 2774 offensa
1115 2713 1294 2773 redimetur.

59 2818 141 2880 illud
165 2837 292 2898 quoque
315 2826 466 2890 occurrat,
490 2825 643 2897 quantum
668 2817 760 2879 nobis
788 2820 1074 2880 commendationis
1103 2817 1233 2879 allatura
1255 2820 1295 2879 sit
1337 2824 1344 2835 '

10 2921 28 2974 3
60 2905 253 2986 clementiae
290 2922 389 2996 fama,
420 2944 516 3004 quam
532 2916 667 2984 'multos
699 2925 791 2985 uenia
820 2926 939 2986 amicos
971 2926 1059 2986 utiles
1094 2925 1209 2986 fecerit.
1256 2945 1296 2986 ne

60 3034 235 3093 irascamur
259 3031 455 3090 inimicorum
480 3038 512 3090 et
535 3029 674 3091 hostium
698 3030 810 3105 liberis,
834 3031 913 3092 inter
933 3029 1080 3093 Sullanae
1104 3032 1296 3093 crudelitatis
1310 3057 1336 3098 is

63 3117 217 3217 exempla
248 3146 309 3209 est,
341 3138 428 3216 quod
452 3156 471 3196 a
494 3135 654 3216 republica
684 3134 801 3198 liberos
832 3138 1080 3217 proscriptorum
1113 3139 1292 3199 submouit:

10 3241 30 3294 4
62 3243 140 3304 nihil
166 3253 213 3302 est
236 3244 367 3322 iniquius
391 3263 486 3322 quam
511 3242 646 3322 aliquem
671 3242 821 3303 heredem
853 3245 983 3324 paterni.
1001 3246 1065 3305 odii
1088 3244 1162 3305 fieri.
1209 3245 1295 3324 cogi-

62 3360 180 3422 temus,
205 3350 350 3429 quotiens
367 3350 408 3409 ad
425 3349 653 3428 ignoscendum
671 3347 810 3410 difficiles
827 3351 950 3423 erimus,
975 3370 1015 3410 an
1035 3352 1186 3432 expediat
1203 3351 1295 3412 nobis

64 3475 180 3516 omnes
203 3455 413 3515 inexorabiles
437 3474 514 3514 esse.
558 3474 656 3535 quam
680 3475 776 3535 saepe
799 3457 923 3516 ueniam
947 3458 1000 3536 qui
1030 3459 1158 3537 negauit
1184 3460 1293 3538 petiit?

65 3581 163 3642 quam
195 3581 290 3641 saepe
330 3562 394 3621 eius
424 3560 558 3641 pedibus
590 3559 758 3621 aduolutus
789 3570 851 3639 est,
883 3583 977 3642 quem
1010 3566 1113 3624 asuis
1142 3564 1294 3646 reppulit?
1311 3590 1336 3627 uu

66 3667 143 3747 quid
176 3675 224 3726 est
256 3664 421 3746 gloriosius
452 3687 547 3748 quam
580 3667 656 3726 iram
694 3668 830 3728 amicitia
870 3664 1010 3730 mutare?
1049 3691 1130 3750 quos
1162 3671 1298 3751 populus

66 3842 82 3893 4
103 3858 180 3906 quare
206 3839 258 3907 (are
284 3840 369 3906 corr.)
478 3840 493 3893 6
518 3839 560 3890 filii
670 3841 686 3893 9
706 3845 893 3907 contempsisset
918 3850 1046 3908 tyrannum
1072 3856 1143 3910 paler
1167 3843 1295 3914 Maduiq:

68 3931 256 3993 contempsisset
275 3936 382 3980 romanii
401 3937 496 3994 patrem
598 3930 624 3981 ll
648 3932 795 3980 aconuiuio
815 3931 892 4000 (post
910 3950 925 3981 a
944 3935 1012 3998 ras.)
1110 3937 1153 3984 filii
1174 3933 1299 4002 (alterum

974 4017 997 4042 ΥΘ

68 4056 112 4106 ia
132 4069 205 4106 corr.
225 4051 302 4118 add.)
413 4051 445 4104 12
466 4055 609 4103 adolescens
636 4033 669 4121 (o
682 4054 766 4121 corr.)
872 4056 904 4110 13
924 4058 1011 4107 lenitur
1030 4063 1066 4127 (re
1084 4075 1118 4111 m.
1134 4058 1191 4127 pr.)

70 4160 101 4211 lo
115 4161 222 4223 perierat
241 4157 267 4211 Ε
271 4162 297 4210 2:
318 4160 407 4224 periret
422 4162 467 4224 (ret
481 4161 564 4226 corr.)
642 4133 792 4224 ῇρίεευίςεοῒ
866 4161 899 4214 19
918 4165 1026 4213 hominis
1037 4163 1069 4213 'et
1082 4166 1164 4213 miseri
1184 4173 1218 4212 est
1237 4162 1298 4215 cod.

69 4253 94 4299 et
106 4246 168 4301 edd.
184 4246 320 4316 usquead
331 4246 489 4323 Fz'clrertum
502 4256 528 4302 ec
541 4247 684 4312 Haterium,
698 4250 746 4318 qui
756 4252 864 4299 hominis
878 4258 913 4300 est
925 4259 948 4299 et
961 4255 1044 4302 miseri
1057 4253 1229 4321 scripserunt

70 4336 102 4388 20
115 4338 165 4386 ledi
251 4336 285 4388 22
304 4338 435 4399 redimetur
455 4338 503 4402 (tur
521 4337 549 4389 in
568 4337 635 4404 rat.)
720 4338 754 4391 25
774 4340 870 4400 liberis,
891 4341 953 4388 inter
972 4340 1145 4410 interpunxit
1165 4339 1296 4410 Madui93

67 4424 120 4492 fuit
134 4427 318 4502 atttealiberis.
339 4427 400 4474 inter
472 4427 566 4489 syllane
638 4426 671 4479 26
686 4428 847 4491 abrepublica
920 4427 954 4480 29
967 4432 1037 4494 petiit
1052 4428 1147 4482 Gertz:
1169 4433 1229 4495 petit

1066 4519 1081 4572 6
