3046 5092
478 333 556 376 mnu
572 333 609 378 1v.
639 333 817 375 buranum.
834 333 863 375 u.
891 334 974 376 1111.
1299 341 1339 400 77

95 478 281 546 loffenditur
312 478 447 540 dixerit:
484 477 627 540 haec-'et
657 479 725 560 ipse
753 480 905 543 commisi.
950 480 1008 541 sed
1036 481 1089 541 ubi
1113 489 1180 541 tam
1204 500 1340 560 acquum

123 587 245 649 iudicem
268 585 428 648 inuenies?
467 585 491 646 is
523 586 575 666 qui
599 584 709 647 nullius
733 606 798 648 non
822 607 957 649 uxorem
991 586 1182 668 concupiscit
1210 594 1242 648 et
1265 586 1340 647 satis

128 695 209 755 iustas
230 711 341 754 causas
363 699 455 773 putat
478 692 621 767 amandi,
653 691 739 774 quod
770 691 871 754 aliena
897 702 954 767 est,
981 693 1066 754 idem
1090 712 1226 754 uxorem
1250 712 1340 753 suam

133 798 230 880 adspici
258 806 324 859 non
353 796 429 859 uult.
483 806 516 859 et
547 797 620 860 fidei
660 804 833 860 acerrimus
872 807 1005 860 exactor
1036 809 1084 861 est
1114 798 1261 881 perfidus.
1308 806 1340 859 et

136 904 276 966 mendacia
298 904 495 986 persequitur
518 904 585 986 ipse
608 905 758 986 periurus.
793 913 825 966 et
847 904 935 966 litem
959 905 1017 966 sibi
1039 905 1142 967 inferri
1165 904 1365 984 aegerrimes
1442 901 1445 909 ’

137 1009 316 1086 calumniator
353 1011 477 1092 patitur.
524 1010 707 1091 pudicitiam
747 1010 943 1072 seruulorum
982 1030 1111 1073 suorum
1150 1009 1339 1091 adtemptari

113 1118 184 1178 iinon
202 1115 263 1177 uult
295 1116 347 1198 qui
379 1137 443 1177 non
473 1117 615 1197 pepercit
645 1106 728 1180 suae.
774 1116 875 1178 aliena
898 1118 973 1179 uitia
1002 1118 1032 1179 in
1056 1117 1152 1178 oculis
1176 1115 1340 1191 habemus,

139 1231 250 1302 atergo
281 1232 389 1284 nostra
420 1231 510 1284 sunt:
552 1223 626 1283 inde
656 1232 720 1298 est,
761 1224 848 1304 quod
879 1223 1070 1304 tempestiua
1107 1223 1159 1284 filii
1197 1222 1340 1286 conuiuia

138 1337 205 1410 pater
232 1329 370 1391 deterior
400 1328 463 1390 filio
495 1329 630 1410 castigat
661 1339 693 1391 et
715 1328 790 1391 nihil
814 1328 933 1391 alienae
963 1328 1105 1404 luxuriae
1128 1329 1263 1410 ignoscit
1287 1329 1339 1409 qui

138 1433 191 1495 nihil
216 1454 287 1497 suae
317 1437 442 1514 negauit
474 1443 506 1496 et
535 1434 715 1496 homicidae
745 1445 898 1515 tyrannus
929 1436 1069 1498 irascitur
1092 1444 1124 1497 et
1147 1435 1235 1516 punit
1257 1434 1340 1496 furta
1355 1459 1378 1498 10

138 1539 285 1622 sacrilegus.
333 1561 451 1622 magna
473 1562 546 1623 pars
569 1540 736 1603 hominum
760 1549 809 1603 est
836 1562 917 1622 quae
940 1562 1004 1603 non
1028 1542 1167 1622 peccatis
1190 1543 1338 1615 irascitur,

138 1646 181 1706 sed
209 1648 415 1728 peccantibus,
467 1647 559 1709 saciet
597 1667 656 1708 nos
695 1648 925 1709 moderatiores
964 1656 1125 1730 respectus
1163 1649 1278 1722 nostri,
1314 1648 1339 1709 si

139 1753 354 1815 consuluerimus
385 1773 463 1815 nos:
509 1754 661 1834 numquid
697 1763 730 1816 et
760 1753 817 1835 ipsi
848 1753 964 1834 aliquid
1002 1753 1065 1816 tale
1104 1753 1337 1833 commisimus?

128 1839 261 1940 'numquid
283 1861 328 1922 sic
351 1859 544 1921 errauimus?
569 1860 743 1943 expeditne
767 1860 858 1921 nobis
882 1860 941 1941 ista
965 1861 1134 1922 damnare?
1183 1901 1185 1904 -

111 1977 125 2029 1
205 1966 316 2028 XXIX.
340 1965 519 2028 Maximum
543 1967 718 2028 remedium
742 1965 805 2027 irae
830 1986 921 2028 mora
944 1977 1008 2029 est.
1038 1965 1101 2028 hoc
1126 1965 1166 2027 ab
1189 1964 1241 2026 illa
1263 1974 1338 2047 pete
1354 1989 1377 2030 u

138 2069 217 2147 initio,
248 2093 313 2134 non
343 2082 378 2135 ut
408 2073 568 2152 ignoscat,
607 2073 666 2134 sed
704 2081 739 2134 ut
771 2073 894 2134 iudicet.
941 2093 1053 2153 graues
1083 2071 1182 2134 habet
1214 2072 1337 2153 inpetus

138 2176 247 2255 primos:
280 2180 419 2252 desinet,
450 2179 475 2240 si
506 2187 665 2261 expectat.
711 2199 770 2241 nec
808 2180 985 2241 uniuersam
1017 2178 1101 2240 illam
1132 2179 1337 2259 temptaueris

109 2280 238 2347 2tollere:
270 2294 341 2347 tota
359 2286 526 2371 uincetur,
557 2286 635 2346 dum
665 2285 807 2366 partibus
838 2286 982 2367 carpitur.
1028 2306 1071 2346 ex
1102 2283 1149 2346 his
1173 2305 1255 2365 quae
1277 2304 1336 2345 nos

139 2385 289 2467 offendunt,
312 2391 372 2453 alia
394 2382 609 2453 renuntiantur
632 2391 739 2466 nobis,
773 2391 832 2453 alia
855 2393 913 2474 ipsi
937 2392 1081 2454 audimus
1104 2400 1158 2453 aut
1181 2392 1333 2453 uidemus,

139 2492 171 2552 de
195 2496 222 2558 iis
255 2518 337 2580 quae
374 2507 499 2559 narrata
537 2505 624 2572 sunt,
663 2518 728 2559 non
766 2497 922 2559 debemus
961 2498 1023 2558 cito
1054 2498 1202 2559 credere:
1244 2495 1334 2559 multi
1348 2519 1374 2559 20

139 2604 298 2667 mentiuntur
329 2612 364 2666 ut
394 2604 568 2685 decipiant,
600 2602 704 2677 multi,
735 2604 965 2686 quia‘decepti
997 2611 1077 2666 sunt.
1123 2603 1201 2664 alius
1232 2602 1332 2664 crimi-

139 2706 238 2772 natione
264 2711 399 2792 gratiam
431 2719 538 2791 captat
568 2719 601 2771 et
639 2709 729 2790 fingit
759 2710 917 2784 iniuriam,
956 2720 991 2772 ut
1022 2711 1165 2772 uideatur
1196 2708 1334 2770 doluisse

139 2807 234 2876 iactam.
277 2825 325 2878 est
349 2815 457 2897 aliquis
481 2815 643 2896 malignus·
659 2824 692 2877 et
714 2817 767 2897 qui
790 2817 941 2878 amicitias
964 2815 1161 2880 cohaerentis
1185 2816 1335 2876 diducere

140 2915 201 2980 uelit
220 2932 284 2984 ·est
316 2922 483 3004 [suspicax]
517 2931 549 2984 et
579 2923 632 3004 qui
652 2931 804 3002 ¹spectare
831 2921 924 2984 ludos
955 2928 1064 3004 cupiat
1092 2930 1124 2983 et
1147 2942 1188 2982 ex
1211 2920 1333 3000 longin-

113 3030 187 3099 3quo
208 3033 333 3110 tutoque
362 3027 541 3109 speculetur
573 3048 653 3109 quos
692 3027 822 3090 conlisit.
869 3029 910 3090 de
941 3028 1072 3108 paruula
1102 3047 1227 3089 summa
1256 3027 1333 3088 iudi·
1348 3051 1374 3091 25

141 3133 224 3193 caturo
249 3134 305 3196 tibi
335 3154 386 3195 res
417 3135 483 3196 sine
514 3143 596 3195 teste
619 3154 684 3195 non
711 3134 908 3216 probaretur,
931 3136 1019 3196 testis
1043 3135 1109 3195 sine
1131 3134 1334 3195 iureiurando

141 3249 188 3293 non
211 3239 330 3303 ualeret
381 3241 504 3322 utrique
533 3241 615 3322 parti
646 3242 739 3302 dares
769 3241 943 3315 actionem,
975 3241 1066 3302 dares
1097 3248 1238 3321 tempuS,
1270 3259 1335 3300 non

140 3342 215 3403 semel
234 3347 363 3409 audires
409 3347 510 3426 magis
534 3347 618 3408 enim
641 3347 756 3408 ueritas
781 3345 882 3409 elucet
905 3367 970 3427 quo
993 3334 1124 3427 saepius*
1140 3346 1181 3407 ad
1205 3365 1335 3407 manum

139 3446 210 3511 uenit
252 3454 387 3514 amicum
426 3454 622 3514 condemnas
660 3452 701 3514 de
731 3452 969 3534 praesentibus?
1008 3461 1179 3533 antequam
1218 3453 1336 3526 audias,

140 3557 277 3635 antequam
301 3559 499 3639 interroges·
521 3569 691 3639 antequam
722 3558 763 3620 illi
793 3567 848 3620 aut
879 3568 1095 3623 accusatorem
1126 3579 1217 3620 suum
1241 3577 1376 3623 nossem

139 3649 209 3721 liceat
232 3674 282 3727 aut
305 3666 439 3740 crimen,
464 3665 625 3727 irasceris?
664 3662 727 3727 iain
751 3665 852 3739 enim,
882 3665 945 3726 iam
972 3666 1048 3746 quid
1071 3666 1228 3746 utrimque
1251 3664 1334 3725 dice-

110 3766 206 3824 iretur
224 3771 350 3833 audisti?
375 3770 425 3832 hic
447 3772 514 3852 ipse
537 3772 590 3852 qui
613 3773 654 3832 ad
678 3780 710 3833 te
726 3771 846 3846 detulit,
870 3771 992 3833 desinet
1016 3772 1128 3840 dicere.
1152 3771 1177 3831 si
1199 3769 1335 3852 probare

139 3886 320 3913 X*-

140 3965 228 4038 inspici
312 3983 468 4046 aegerrime
488 3980 512 4049 (e
525 3981 610 4050 prim.
630 3984 714 4046 corr.)
760 4032 762 4036 ,
812 3980 988 4047 dattemptari
1007 3981 1108 4054 (primu
1126 3987 1136 4030 t
1155 3980 1239 4045 corr.)

140 4052 419 4136 8atergn(atinras.)
476 4069 507 4123 13
522 4071 592 4134 aliqd
612 4070 639 4135 (d
652 4070 809 4135 e'xtcorr.)
867 4069 899 4121 li)
913 4070 949 4119 ire
962 4067 1058 4137 (corr.)
1115 4070 1146 4121 lb'
1160 4085 1247 4133 graues
1260 4069 1336 4116 habet

140 4144 214 4208 inpetu,
227 4152 327 4226 primos,
352 4173 423 4228 quae
448 4158 476 4210 in
493 4156 587 4211 codice
604 4163 667 4226 post
685 4159 771 4207 tollere
792 4159 847 4224 (18)
867 4157 1001 4228 leputatur,
1021 4156 1074 4210 duc
1092 4155 1232 4210 reuocauit
1254 4153 1335 4208 Gertz

199 4240 224 4294 18
239 4248 292 4297 dum
307 4248 343 4316 (in
357 4246 424 4312 ras.)
443 4270 446 4274 ’
498 4245 532 4298 24
551 4248 663 4311 suspicax
683 4244 794 4299 seclusit
814 4244 917 4310 Haase,
937 4263 1075 4312 supprocax
1095 4244 1207 4301 cordesii
1225 4243 1336 4313 Lipsius

198 4327 224 4382 ‘ib
239 4337 337 4400 paruola
355 4336 381 4402 (o
400 4337 427 4388 in
446 4352 461 4384 u
479 4335 563 4400 corr.)
637 4333 671 4386 26
691 4337 730 4386 sis]
750 4341 809 4384 teste
828 4334 857 4401 (1'1
876 4334 904 4386 in
923 4335 990 4393 ras.)
1064 4333 1098 4386 ’28
1118 4335 1195 4383 elucet
1214 4332 1238 4401 (e
1256 4332 1337 4402 prior

142 4415 208 4480 miii
289 4425 322 4478 31
342 4425 401 4488 quid
421 4421 531 4477 addidit
551 4420 639 4486 Curio,
658 4421 709 4476 sed
726 4421 816 4476 malim
836 4422 923 4476 altero
941 4420 1099 4476 iam-deleto
1118 4424 1169 4471 iam
1190 4423 1255 4472 enim
1274 4423 1337 4486 quid
