<?xml version="1.0" encoding="UTF-8"?>
<!DOCTYPE html PUBLIC "-//W3C//DTD XHTML 1.0 Transitional//EN"
    "http://www.w3.org/TR/xhtml1/DTD/xhtml1-transitional.dtd">
<html xmlns="http://www.w3.org/1999/xhtml" xml:lang="en" lang="en">
 <head>
  <title>
</title>
<meta http-equiv="Content-Type" content="text/html;charset=utf-8" />
  <meta name='ocr-system' content='tesseract 3.04.00' />
  <meta name='ocr-capabilities' content='ocr_page ocr_carea ocr_par ocr_line ocrx_word'/>
</head>
<body>
  <div class='ocr_page' id='page_1' title='image "./lannaeisenecaed00vahlgoog_0133.png"; bbox 0 0 3046 5092; ppageno 0'>
   <div class='ocr_carea' id='block_1_1' title="bbox 235 343 1088 407">
    <p class='ocr_par' dir='ltr' id='par_1_1' title="bbox 235 343 1088 407">
     <span class='ocr_line' id='line_1_1' title="bbox 235 343 1088 407; baseline 0 -24"><span class='ocrx_word' id='word_1_1' title='bbox 235 347 274 407; x_wconf 79' lang='grc'>94</span> <span class='ocrx_word' id='word_1_2' title='bbox 607 343 729 386; x_wconf 75' lang='lat' dir='ltr'>D1A1,.v.</span> <span class='ocrx_word' id='word_1_3' title='bbox 757 343 798 383; x_wconf 84' lang='lat' dir='ltr'>DE</span> <span class='ocrx_word' id='word_1_4' title='bbox 812 343 865 384; x_wconf 85' lang='lat' dir='ltr'>IRA</span> <span class='ocrx_word' id='word_1_5' title='bbox 880 343 935 386; x_wconf 73' lang='grc' dir='ltr'>ΗΒ.</span> <span class='ocrx_word' id='word_1_6' title='bbox 952 343 991 385; x_wconf 88' lang='lat' dir='ltr'>lll.</span> <span class='ocrx_word' id='word_1_7' title='bbox 1020 346 1088 385; x_wconf 84' lang='grc'>9.10.</span> 
     </span>
    </p>
   </div>
   <div class='ocr_carea' id='block_1_2' title="bbox 136 487 1504 3547">
    <p class='ocr_par' dir='ltr' id='par_1_2' title="bbox 136 487 1504 2059">
     <span class='ocr_line' id='line_1_2' title="bbox 233 487 1461 570; baseline 0 -21"><span class='ocrx_word' id='word_1_8' title='bbox 233 498 266 550; x_wconf 95' lang='lat' dir='ltr'>et</span> <span class='ocrx_word' id='word_1_9' title='bbox 305 491 412 550; x_wconf 92' lang='lat' dir='ltr'>omnia</span> <span class='ocrx_word' id='word_1_10' title='bbox 450 509 531 570; x_wconf 89' lang='lat' dir='ltr'>quae</span> <span class='ocrx_word' id='word_1_11' title='bbox 567 489 751 550; x_wconf 82' lang='lat' dir='ltr'>exulcerant</span> <span class='ocrx_word' id='word_1_12' title='bbox 789 489 914 563; x_wconf 85' lang='lat' dir='ltr'>uitium,</span> <span class='ocrx_word' id='word_1_13' title='bbox 952 508 1053 570; x_wconf 89' lang='lat' dir='ltr'>aeque</span> <span class='ocrx_word' id='word_1_14' title='bbox 1091 507 1204 549; x_wconf 91' lang='lat' dir='ltr'>cauere</span> <span class='ocrx_word' id='word_1_15' title='bbox 1242 487 1461 550; x_wconf 84' lang='lat' dir='ltr'>lassitudinem</span> 
     </span>
     <span class='ocr_line' id='line_1_3' title="bbox 233 592 1461 676; baseline 0.001 -20"><span class='ocrx_word' id='word_1_16' title='bbox 233 598 392 675; x_wconf 91' lang='lat' dir='ltr'>corporis:</span> <span class='ocrx_word' id='word_1_17' title='bbox 428 598 586 657; x_wconf 89' lang='lat' dir='ltr'>consumit</span> <span class='ocrx_word' id='word_1_18' title='bbox 609 597 692 656; x_wconf 92' lang='lat' dir='ltr'>enim</span> <span class='ocrx_word' id='word_1_19' title='bbox 716 597 868 676; x_wconf 92' lang='lat' dir='ltr'>quidquid</span> <span class='ocrx_word' id='word_1_20' title='bbox 892 598 923 657; x_wconf 92' lang='lat' dir='ltr'>in</span> <span class='ocrx_word' id='word_1_21' title='bbox 947 595 1040 658; x_wconf 92' lang='lat' dir='ltr'>nobis</span> <span class='ocrx_word' id='word_1_22' title='bbox 1064 597 1141 657; x_wconf 92' lang='lat' dir='ltr'>mite</span> <span class='ocrx_word' id='word_1_23' title='bbox 1163 592 1390 676; x_wconf 91' lang='lat' dir='ltr'>placidumque</span> <span class='ocrx_word' id='word_1_24' title='bbox 1413 604 1461 657; x_wconf 90' lang='lat' dir='ltr'>est</span> 
     </span>
     <span class='ocr_line' id='line_1_4' title="bbox 233 682 1495 783; baseline -0.003 -20"><span class='ocrx_word' id='word_1_25' title='bbox 233 712 265 764; x_wconf 90' lang='lat' dir='ltr'>et</span> <span class='ocrx_word' id='word_1_26' title='bbox 288 682 371 764; x_wconf 86' lang='lat' dir='ltr'>acria</span> <span class='ocrx_word' id='word_1_27' title='bbox 395 705 542 764; x_wconf 86' lang='lat' dir='ltr'>concitat.</span> <span class='ocrx_word' id='word_1_28' title='bbox 580 702 653 763; x_wconf 90' lang='lat' dir='ltr'>ideo</span> <span class='ocrx_word' id='word_1_29' title='bbox 677 702 789 783; x_wconf 91' lang='lat' dir='ltr'>quibus</span> <span class='ocrx_word' id='word_1_30' title='bbox 814 702 997 764; x_wconf 83' lang='lat' dir='ltr'>stomachus</span> <span class='ocrx_word' id='word_1_31' title='bbox 1014 710 1177 781; x_wconf 88' lang='lat' dir='ltr'>suspectus</span> <span class='ocrx_word' id='word_1_32' title='bbox 1201 710 1259 775; x_wconf 91' lang='lat' dir='ltr'>est,</span> <span class='ocrx_word' id='word_1_33' title='bbox 1282 704 1495 780; x_wconf 84' lang='lat' dir='ltr'>processuri4</span> 
     </span>
     <span class='ocr_line' id='line_1_5' title="bbox 233 793 1461 888; baseline -0.001 -19"><span class='ocrx_word' id='word_1_34' title='bbox 233 809 274 869; x_wconf 91' lang='lat' dir='ltr'>ad</span> <span class='ocrx_word' id='word_1_35' title='bbox 305 829 355 870; x_wconf 89' lang='lat' dir='ltr'>res</span> <span class='ocrx_word' id='word_1_36' title='bbox 386 810 528 888; x_wconf 84' lang='lat' dir='ltr'>agendas</span> <span class='ocrx_word' id='word_1_37' title='bbox 567 811 693 870; x_wconf 91' lang='lat' dir='ltr'>maioris</span> <span class='ocrx_word' id='word_1_38' title='bbox 732 811 842 888; x_wconf 89' lang='lat' dir='ltr'>negoti</span> <span class='ocrx_word' id='word_1_39' title='bbox 879 808 976 869; x_wconf 91' lang='lat' dir='ltr'>bilem</span> <span class='ocrx_word' id='word_1_40' title='bbox 1016 808 1087 869; x_wconf 91' lang='lat' dir='ltr'>cibo</span> <span class='ocrx_word' id='word_1_41' title='bbox 1126 806 1325 886; x_wconf 88' lang='lat' dir='ltr'>temperant,</span> <span class='ocrx_word' id='word_1_42' title='bbox 1365 793 1461 888; x_wconf 86' lang='lat' dir='ltr'>quam</span> 
     </span>
     <span class='ocr_line' id='line_1_6' title="bbox 136 912 1462 995; baseline 0.003 -23"><span class='ocrx_word' id='word_1_43' title='bbox 136 981 143 990; x_wconf 62' lang='lat'><em>„</em></span> <span class='ocrx_word' id='word_1_44' title='bbox 192 938 203 972; x_wconf 83' lang='lat'>5</span> <span class='ocrx_word' id='word_1_45' title='bbox 233 917 374 976; x_wconf 84' lang='lat' dir='ltr'>maxime</span> <span class='ocrx_word' id='word_1_46' title='bbox 398 924 507 975; x_wconf 89' lang='lat' dir='ltr'>mouet</span> <span class='ocrx_word' id='word_1_47' title='bbox 531 912 686 994; x_wconf 85' lang='lat' dir='ltr'>fatigatio,</span> <span class='ocrx_word' id='word_1_48' title='bbox 714 917 780 975; x_wconf 87' lang='lat' dir='ltr'>siue</span> <span class='ocrx_word' id='word_1_49' title='bbox 803 917 877 995; x_wconf 92' lang='lat' dir='ltr'>quia</span> <span class='ocrx_word' id='word_1_50' title='bbox 900 914 1037 975; x_wconf 91' lang='lat' dir='ltr'>calorem</span> <span class='ocrx_word' id='word_1_51' title='bbox 1065 916 1097 975; x_wconf 93' lang='lat' dir='ltr'>in</span> <span class='ocrx_word' id='word_1_52' title='bbox 1121 914 1227 975; x_wconf 91' lang='lat' dir='ltr'>media</span> <span class='ocrx_word' id='word_1_53' title='bbox 1250 912 1405 994; x_wconf 86' lang='lat' dir='ltr'>conpellit</span> <span class='ocrx_word' id='word_1_54' title='bbox 1429 923 1462 976; x_wconf 90' lang='lat' dir='ltr'>et</span> 
     </span>
     <span class='ocr_line' id='line_1_7' title="bbox 171 1018 1461 1102; baseline 0.002 -21"><span class='ocrx_word' id='word_1_55' title='bbox 171 1093 173 1098; x_wconf 23' lang='grc' dir='ltr'>Ι</span> <span class='ocrx_word' id='word_1_56' title='bbox 232 1031 326 1082; x_wconf 91' lang='lat' dir='ltr'>nocet</span> <span class='ocrx_word' id='word_1_57' title='bbox 349 1023 491 1100; x_wconf 90' lang='lat' dir='ltr'>sanguini</span> <span class='ocrx_word' id='word_1_58' title='bbox 515 1040 702 1101; x_wconf 88' lang='lat' dir='ltr'>cursumque</span> <span class='ocrx_word' id='word_1_59' title='bbox 726 1023 790 1082; x_wconf 93' lang='lat' dir='ltr'>eius</span> <span class='ocrx_word' id='word_1_60' title='bbox 814 1023 902 1082; x_wconf 92' lang='lat' dir='ltr'>uenis</span> <span class='ocrx_word' id='word_1_61' title='bbox 926 1018 1143 1082; x_wconf 87' lang='lat' dir='ltr'>laborantibus</span> <span class='ocrx_word' id='word_1_62' title='bbox 1174 1022 1264 1094; x_wconf 89' lang='lat' dir='ltr'>sistit,</span> <span class='ocrx_word' id='word_1_63' title='bbox 1296 1022 1365 1082; x_wconf 91' lang='lat' dir='ltr'>siue</span> <span class='ocrx_word' id='word_1_64' title='bbox 1388 1024 1461 1102; x_wconf 92' lang='lat' dir='ltr'>quia</span> 
     </span>
     <span class='ocr_line' id='line_1_8' title="bbox 231 1126 1476 1207; baseline 0 -19"><span class='ocrx_word' id='word_1_65' title='bbox 231 1147 345 1207; x_wconf 93' lang='lat' dir='ltr'>corpus</span> <span class='ocrx_word' id='word_1_66' title='bbox 368 1128 576 1189; x_wconf 88' lang='lat' dir='ltr'>adtenuatum</span> <span class='ocrx_word' id='word_1_67' title='bbox 600 1136 632 1188; x_wconf 91' lang='lat' dir='ltr'>et</span> <span class='ocrx_word' id='word_1_68' title='bbox 649 1126 806 1188; x_wconf 84' lang='lat' dir='ltr'>infirmum</span> <span class='ocrx_word' id='word_1_69' title='bbox 822 1126 976 1188; x_wconf 90' lang='lat' dir='ltr'>incumbit</span> <span class='ocrx_word' id='word_1_70' title='bbox 1000 1129 1116 1188; x_wconf 89' lang='lat' dir='ltr'>animo.</span> <span class='ocrx_word' id='word_1_71' title='bbox 1144 1135 1230 1188; x_wconf 88' lang='lat' dir='ltr'>certe</span> <span class='ocrx_word' id='word_1_72' title='bbox 1254 1126 1297 1187; x_wconf 93' lang='lat' dir='ltr'>ob</span> <span class='ocrx_word' id='word_1_73' title='bbox 1321 1128 1476 1188; x_wconf 75' lang='lat' dir='ltr'>eandem&#39;</span> 
     </span>
     <span class='ocr_line' id='line_1_9' title="bbox 231 1231 1460 1295; baseline 0 0"><span class='ocrx_word' id='word_1_74' title='bbox 231 1254 357 1295; x_wconf 90' lang='lat' dir='ltr'>causam</span> <span class='ocrx_word' id='word_1_75' title='bbox 396 1234 609 1295; x_wconf 88' lang='lat' dir='ltr'>iracundiores</span> <span class='ocrx_word' id='word_1_76' title='bbox 648 1243 720 1295; x_wconf 92' lang='lat' dir='ltr'>sunt</span> <span class='ocrx_word' id='word_1_77' title='bbox 748 1232 940 1295; x_wconf 84' lang='lat' dir='ltr'>ualetudine</span> <span class='ocrx_word' id='word_1_78' title='bbox 978 1244 1033 1295; x_wconf 89' lang='lat' dir='ltr'>aut</span> <span class='ocrx_word' id='word_1_79' title='bbox 1071 1242 1176 1295; x_wconf 90' lang='lat' dir='ltr'>aetate</span> <span class='ocrx_word' id='word_1_80' title='bbox 1214 1231 1296 1295; x_wconf 87' lang='lat' dir='ltr'>sessi.</span> <span class='ocrx_word' id='word_1_81' title='bbox 1358 1232 1460 1295; x_wconf 88' lang='lat' dir='ltr'>fames</span> 
     </span>
     <span class='ocr_line' id='line_1_10' title="bbox 230 1340 1459 1421; baseline 0.002 -21"><span class='ocrx_word' id='word_1_82' title='bbox 230 1360 357 1421; x_wconf 89' lang='lat' dir='ltr'>quoque</span> <span class='ocrx_word' id='word_1_83' title='bbox 380 1349 412 1401; x_wconf 92' lang='lat' dir='ltr'>et</span> <span class='ocrx_word' id='word_1_84' title='bbox 435 1342 501 1401; x_wconf 92' lang='lat' dir='ltr'>sitis</span> <span class='ocrx_word' id='word_1_85' title='bbox 525 1360 567 1400; x_wconf 89' lang='lat' dir='ltr'>ex</span> <span class='ocrx_word' id='word_1_86' title='bbox 590 1341 692 1401; x_wconf 87' lang='lat' dir='ltr'>isdem</span> <span class='ocrx_word' id='word_1_87' title='bbox 717 1342 817 1401; x_wconf 90' lang='lat' dir='ltr'>causis</span> <span class='ocrx_word' id='word_1_88' title='bbox 837 1340 968 1401; x_wconf 90' lang='lat' dir='ltr'>uitanda</span> <span class='ocrx_word' id='word_1_89' title='bbox 991 1349 1055 1401; x_wconf 91' lang='lat' dir='ltr'>est:</span> <span class='ocrx_word' id='word_1_90' title='bbox 1083 1349 1254 1418; x_wconf 83' lang='lat' dir='ltr'>exasperat</span> <span class='ocrx_word' id='word_1_91' title='bbox 1269 1348 1302 1400; x_wconf 91' lang='lat' dir='ltr'>et</span> <span class='ocrx_word' id='word_1_92' title='bbox 1318 1341 1459 1402; x_wconf 88' lang='lat' dir='ltr'>incendit</span> 
     </span>
     <span class='ocr_line' id='line_1_11' title="bbox 192 1447 1504 1527; baseline 0 -23"><span class='ocrx_word' id='word_1_93' title='bbox 192 1465 215 1505; x_wconf 82' lang='lat' dir='ltr'>tt</span> <span class='ocrx_word' id='word_1_94' title='bbox 230 1447 361 1508; x_wconf 90' lang='lat' dir='ltr'>animos.</span> <span class='ocrx_word' id='word_1_95' title='bbox 415 1456 505 1508; x_wconf 88' lang='lat' dir='ltr'>uetus</span> <span class='ocrx_word' id='word_1_96' title='bbox 535 1447 654 1509; x_wconf 90' lang='lat' dir='ltr'>dictum</span> <span class='ocrx_word' id='word_1_97' title='bbox 686 1455 734 1508; x_wconf 86' lang='lat' dir='ltr'>est</span> <span class='ocrx_word' id='word_1_98' title='bbox 765 1447 889 1507; x_wconf 88' lang='lat' dir='ltr'>alasso</span> <span class='ocrx_word' id='word_1_99' title='bbox 921 1448 1024 1507; x_wconf 90' lang='lat' dir='ltr'>rixam</span> <span class='ocrx_word' id='word_1_100' title='bbox 1056 1449 1171 1526; x_wconf 90' lang='lat' dir='ltr'>quaeri.</span> <span class='ocrx_word' id='word_1_101' title='bbox 1224 1466 1325 1527; x_wconf 87' lang='lat' dir='ltr'>aeque</span> <span class='ocrx_word' id='word_1_102' title='bbox 1349 1457 1459 1511; x_wconf 89' lang='lat' dir='ltr'>autem</span> <span class='ocrx_word' id='word_1_103' title='bbox 1478 1458 1504 1509; x_wconf 75' lang='lat'>5.</span> 
     </span>
     <span class='ocr_line' id='line_1_12' title="bbox 230 1551 1461 1634; baseline 0 -19"><span class='ocrx_word' id='word_1_104' title='bbox 230 1564 262 1615; x_wconf 88' lang='lat' dir='ltr'>et</span> <span class='ocrx_word' id='word_1_105' title='bbox 292 1551 334 1614; x_wconf 85' lang='lat' dir='ltr'>ab</span> <span class='ocrx_word' id='word_1_106' title='bbox 366 1555 521 1615; x_wconf 89' lang='lat' dir='ltr'>esuriente</span> <span class='ocrx_word' id='word_1_107' title='bbox 552 1562 627 1614; x_wconf 88' lang='lat' dir='ltr'>eta</span> <span class='ocrx_word' id='word_1_108' title='bbox 657 1555 782 1615; x_wconf 88' lang='lat' dir='ltr'>sitiente</span> <span class='ocrx_word' id='word_1_109' title='bbox 812 1563 845 1615; x_wconf 95' lang='lat' dir='ltr'>et</span> <span class='ocrx_word' id='word_1_110' title='bbox 875 1552 917 1614; x_wconf 93' lang='lat' dir='ltr'>ab</span> <span class='ocrx_word' id='word_1_111' title='bbox 949 1554 1036 1613; x_wconf 92' lang='lat' dir='ltr'>omni</span> <span class='ocrx_word' id='word_1_112' title='bbox 1068 1551 1197 1613; x_wconf 91' lang='lat' dir='ltr'>homine</span> <span class='ocrx_word' id='word_1_113' title='bbox 1227 1572 1322 1634; x_wconf 89' lang='lat' dir='ltr'>quem</span> <span class='ocrx_word' id='word_1_114' title='bbox 1355 1552 1461 1634; x_wconf 92' lang='lat' dir='ltr'>aliqua</span> 
     </span>
     <span class='ocr_line' id='line_1_13' title="bbox 136 1658 1459 1732; baseline 0.004 -16"><span class='ocrx_word' id='word_1_115' title='bbox 136 1713 138 1716; x_wconf 77' lang='grc'>,</span> <span class='ocrx_word' id='word_1_116' title='bbox 229 1680 277 1721; x_wconf 93' lang='lat' dir='ltr'>res</span> <span class='ocrx_word' id='word_1_117' title='bbox 308 1661 377 1721; x_wconf 94' lang='lat' dir='ltr'>urit.</span> <span class='ocrx_word' id='word_1_118' title='bbox 431 1679 505 1720; x_wconf 92' lang='lat' dir='ltr'>nam</span> <span class='ocrx_word' id='word_1_119' title='bbox 537 1668 571 1720; x_wconf 95' lang='lat' dir='ltr'>ut</span> <span class='ocrx_word' id='word_1_120' title='bbox 602 1658 707 1720; x_wconf 91' lang='lat' dir='ltr'>ulcera</span> <span class='ocrx_word' id='word_1_121' title='bbox 745 1661 786 1720; x_wconf 95' lang='lat' dir='ltr'>ad</span> <span class='ocrx_word' id='word_1_122' title='bbox 819 1658 922 1720; x_wconf 91' lang='lat' dir='ltr'>leuem</span> <span class='ocrx_word' id='word_1_123' title='bbox 954 1668 1092 1732; x_wconf 89' lang='lat' dir='ltr'>tactum,</span> <span class='ocrx_word' id='word_1_124' title='bbox 1132 1658 1248 1720; x_wconf 90' lang='lat' dir='ltr'>deinde</span> <span class='ocrx_word' id='word_1_125' title='bbox 1286 1661 1384 1720; x_wconf 89' lang='lat' dir='ltr'>etiam</span> <span class='ocrx_word' id='word_1_126' title='bbox 1416 1662 1459 1722; x_wconf 91' lang='lat' dir='ltr'>ad</span> 
     </span>
     <span class='ocr_line' id='line_1_14' title="bbox 228 1763 1459 1846; baseline 0.002 -20"><span class='ocrx_word' id='word_1_127' title='bbox 228 1768 437 1846; x_wconf 88' lang='lat' dir='ltr'>suspicionem</span> <span class='ocrx_word' id='word_1_128' title='bbox 470 1774 573 1827; x_wconf 91' lang='lat' dir='ltr'>tactus</span> <span class='ocrx_word' id='word_1_129' title='bbox 612 1765 857 1839; x_wconf 90' lang='lat' dir='ltr'>condolescunt,</span> <span class='ocrx_word' id='word_1_130' title='bbox 896 1767 939 1826; x_wconf 91' lang='lat' dir='ltr'>ita</span> <span class='ocrx_word' id='word_1_131' title='bbox 978 1765 1099 1825; x_wconf 87' lang='lat' dir='ltr'>animus</span> <span class='ocrx_word' id='word_1_132' title='bbox 1138 1763 1281 1827; x_wconf 83' lang='lat' dir='ltr'>adfectus</span> <span class='ocrx_word' id='word_1_133' title='bbox 1321 1767 1459 1828; x_wconf 93' lang='lat' dir='ltr'>minimis</span> 
     </span>
     <span class='ocr_line' id='line_1_15' title="bbox 228 1870 1459 1953; baseline 0.002 -19"><span class='ocrx_word' id='word_1_134' title='bbox 228 1873 414 1946; x_wconf 83' lang='lat' dir='ltr'>offenditur,</span> <span class='ocrx_word' id='word_1_135' title='bbox 445 1873 527 1933; x_wconf 93' lang='lat' dir='ltr'>adeo</span> <span class='ocrx_word' id='word_1_136' title='bbox 559 1881 593 1933; x_wconf 92' lang='lat' dir='ltr'>ut</span> <span class='ocrx_word' id='word_1_137' title='bbox 624 1873 781 1953; x_wconf 91' lang='lat' dir='ltr'>quosdam</span> <span class='ocrx_word' id='word_1_138' title='bbox 813 1871 961 1933; x_wconf 92' lang='lat' dir='ltr'>salutatio</span> <span class='ocrx_word' id='word_1_139' title='bbox 994 1880 1027 1932; x_wconf 92' lang='lat' dir='ltr'>et</span> <span class='ocrx_word' id='word_1_140' title='bbox 1057 1870 1191 1951; x_wconf 93' lang='lat' dir='ltr'>epistula</span> <span class='ocrx_word' id='word_1_141' title='bbox 1222 1881 1254 1932; x_wconf 92' lang='lat' dir='ltr'>et</span> <span class='ocrx_word' id='word_1_142' title='bbox 1287 1875 1391 1935; x_wconf 90' lang='lat' dir='ltr'>oratio</span> <span class='ocrx_word' id='word_1_143' title='bbox 1425 1883 1459 1936; x_wconf 88' lang='lat' dir='ltr'>et</span> 
     </span>
     <span class='ocr_line' id='line_1_16' title="bbox 189 1977 764 2059; baseline 0.005 -24"><span class='ocrx_word' id='word_1_144' title='bbox 189 1997 212 2037; x_wconf 81' lang='lat'>15</span> <span class='ocrx_word' id='word_1_145' title='bbox 227 1979 432 2059; x_wconf 84' lang='lat' dir='ltr'>interrogatio</span> <span class='ocrx_word' id='word_1_146' title='bbox 456 1981 487 2040; x_wconf 91' lang='lat' dir='ltr'>in</span> <span class='ocrx_word' id='word_1_147' title='bbox 510 1977 597 2040; x_wconf 92' lang='lat' dir='ltr'>litem</span> <span class='ocrx_word' id='word_1_148' title='bbox 621 1987 764 2040; x_wconf 85' lang='lat' dir='ltr'>euocent.</span> 
     </span>
    </p>

    <p class='ocr_par' dir='ltr' id='par_1_3' title="bbox 226 2082 1493 2484">
     <span class='ocr_line' id='line_1_17' title="bbox 315 2082 1493 2164; baseline 0.006 -18"><span class='ocrx_word' id='word_1_149' title='bbox 315 2085 354 2146; x_wconf 86' lang='lat' dir='ltr'>X.</span> <span class='ocrx_word' id='word_1_150' title='bbox 386 2085 569 2164; x_wconf 93' lang='lat' dir='ltr'>Numquam</span> <span class='ocrx_word' id='word_1_151' title='bbox 599 2086 665 2145; x_wconf 87' lang='lat' dir='ltr'>sine</span> <span class='ocrx_word' id='word_1_152' title='bbox 696 2082 834 2164; x_wconf 91' lang='lat' dir='ltr'>querella</span> <span class='ocrx_word' id='word_1_153' title='bbox 864 2104 961 2164; x_wconf 87' lang='lat' dir='ltr'>aegra</span> <span class='ocrx_word' id='word_1_154' title='bbox 994 2093 1172 2162; x_wconf 87' lang='lat' dir='ltr'>tanguntur.</span> <span class='ocrx_word' id='word_1_155' title='bbox 1218 2086 1378 2164; x_wconf 92' lang='lat' dir='ltr'>optimum</span> <span class='ocrx_word' id='word_1_156' title='bbox 1408 2097 1493 2153; x_wconf 80' lang='lat' dir='ltr'>estl</span> 
     </span>
     <span class='ocr_line' id='line_1_18' title="bbox 226 2189 1460 2274; baseline 0.001 -21"><span class='ocrx_word' id='word_1_157' title='bbox 226 2194 331 2272; x_wconf 91' lang='lat' dir='ltr'>itaque</span> <span class='ocrx_word' id='word_1_158' title='bbox 354 2191 396 2252; x_wconf 90' lang='lat' dir='ltr'>ad</span> <span class='ocrx_word' id='word_1_159' title='bbox 427 2193 564 2270; x_wconf 92' lang='lat' dir='ltr'>primum</span> <span class='ocrx_word' id='word_1_160' title='bbox 596 2189 669 2252; x_wconf 91' lang='lat' dir='ltr'>mali</span> <span class='ocrx_word' id='word_1_161' title='bbox 691 2211 818 2262; x_wconf 84' lang='lat' dir='ltr'>sensum</span> <span class='ocrx_word' id='word_1_162' title='bbox 843 2191 963 2252; x_wconf 90' lang='lat' dir='ltr'>mederi</span> <span class='ocrx_word' id='word_1_163' title='bbox 987 2190 1053 2251; x_wconf 91' lang='lat' dir='ltr'>sibi.</span> <span class='ocrx_word' id='word_1_164' title='bbox 1100 2199 1168 2252; x_wconf 90' lang='lat' dir='ltr'>tum</span> <span class='ocrx_word' id='word_1_165' title='bbox 1199 2190 1304 2253; x_wconf 90' lang='lat' dir='ltr'>uerbis</span> <span class='ocrx_word' id='word_1_166' title='bbox 1327 2211 1460 2274; x_wconf 90' lang='lat' dir='ltr'>quoque</span> 
     </span>
     <span class='ocr_line' id='line_1_19' title="bbox 226 2295 1493 2376; baseline 0.004 -17"><span class='ocrx_word' id='word_1_167' title='bbox 226 2301 288 2359; x_wconf 90' lang='lat' dir='ltr'>suis</span> <span class='ocrx_word' id='word_1_168' title='bbox 320 2299 486 2359; x_wconf 92' lang='lat' dir='ltr'>minimum</span> <span class='ocrx_word' id='word_1_169' title='bbox 524 2297 676 2359; x_wconf 87' lang='lat' dir='ltr'>libertatis</span> <span class='ocrx_word' id='word_1_170' title='bbox 715 2299 791 2359; x_wconf 87' lang='lat' dir='ltr'>dare</span> <span class='ocrx_word' id='word_1_171' title='bbox 829 2308 862 2359; x_wconf 91' lang='lat' dir='ltr'>et</span> <span class='ocrx_word' id='word_1_172' title='bbox 900 2295 1041 2358; x_wconf 89' lang='lat' dir='ltr'>inhibere</span> <span class='ocrx_word' id='word_1_173' title='bbox 1071 2299 1222 2376; x_wconf 91' lang='lat' dir='ltr'>inpetum.</span> <span class='ocrx_word' id='word_1_174' title='bbox 1284 2295 1376 2358; x_wconf 84' lang='lat' dir='ltr'>facile</span> <span class='ocrx_word' id='word_1_175' title='bbox 1407 2309 1493 2366; x_wconf 65' lang='lat' dir='ltr'>est?</span> 
     </span>
     <span class='ocr_line' id='line_1_20' title="bbox 226 2401 1458 2484; baseline 0 -19"><span class='ocrx_word' id='word_1_176' title='bbox 226 2412 332 2466; x_wconf 90' lang='lat' dir='ltr'>autem</span> <span class='ocrx_word' id='word_1_177' title='bbox 349 2403 492 2465; x_wconf 83' lang='lat' dir='ltr'>adiectus</span> <span class='ocrx_word' id='word_1_178' title='bbox 515 2424 599 2479; x_wconf 90' lang='lat' dir='ltr'>suos,</span> <span class='ocrx_word' id='word_1_179' title='bbox 623 2407 846 2484; x_wconf 88' lang='lat' dir='ltr'>cumprimum</span> <span class='ocrx_word' id='word_1_180' title='bbox 866 2405 1013 2478; x_wconf 91' lang='lat' dir='ltr'>oriuntur,</span> <span class='ocrx_word' id='word_1_181' title='bbox 1039 2401 1294 2483; x_wconf 90' lang='lat' dir='ltr'>deprehendere:</span> <span class='ocrx_word' id='word_1_182' title='bbox 1322 2403 1458 2466; x_wconf 90' lang='lat' dir='ltr'>morbo-</span> 
     </span>
    </p>

    <p class='ocr_par' dir='ltr' id='par_1_4' title="bbox 186 2509 1459 2592">
     <span class='ocr_line' id='line_1_21' title="bbox 186 2509 1459 2592; baseline 0.005 -26"><span class='ocrx_word' id='word_1_183' title='bbox 186 2528 211 2566; x_wconf 78' lang='lat' dir='ltr'>n</span> <span class='ocrx_word' id='word_1_184' title='bbox 226 2531 294 2572; x_wconf 92' lang='lat' dir='ltr'>rum</span> <span class='ocrx_word' id='word_1_185' title='bbox 325 2512 415 2590; x_wconf 87' lang='lat' dir='ltr'>signa</span> <span class='ocrx_word' id='word_1_186' title='bbox 446 2520 657 2590; x_wconf 89' lang='lat' dir='ltr'>praecurrunt</span> <span class='ocrx_word' id='word_1_187' title='bbox 720 2511 992 2592; x_wconf 90' lang='lat' dir='ltr'>quemadmodum</span> <span class='ocrx_word' id='word_1_188' title='bbox 1030 2510 1228 2589; x_wconf 90' lang='lat' dir='ltr'>tempestatis</span> <span class='ocrx_word' id='word_1_189' title='bbox 1260 2530 1297 2571; x_wconf 93' lang='lat' dir='ltr'>ac</span> <span class='ocrx_word' id='word_1_190' title='bbox 1327 2509 1459 2592; x_wconf 90' lang='lat' dir='ltr'>pluuiae</span> 
     </span>
    </p>

    <p class='ocr_par' dir='ltr' id='par_1_5' title="bbox 179 2616 1492 3016">
     <span class='ocr_line' id='line_1_22' title="bbox 179 2616 1458 2697; baseline 0.001 -19"><span class='ocrx_word' id='word_1_191' title='bbox 179 2626 182 2635; x_wconf 82' lang='lat'><em>&#39;</em></span> <span class='ocrx_word' id='word_1_192' title='bbox 226 2627 300 2678; x_wconf 91' lang='lat' dir='ltr'>ante</span> <span class='ocrx_word' id='word_1_193' title='bbox 330 2619 414 2697; x_wconf 90' lang='lat' dir='ltr'>ipsas</span> <span class='ocrx_word' id='word_1_194' title='bbox 445 2628 542 2680; x_wconf 88' lang='lat' dir='ltr'>notae</span> <span class='ocrx_word' id='word_1_195' title='bbox 572 2618 716 2690; x_wconf 89' lang='lat' dir='ltr'>ueniunt,</span> <span class='ocrx_word' id='word_1_196' title='bbox 747 2618 790 2677; x_wconf 89' lang='lat' dir='ltr'>ita</span> <span class='ocrx_word' id='word_1_197' title='bbox 820 2619 900 2690; x_wconf 86' lang='lat' dir='ltr'>irae,</span> <span class='ocrx_word' id='word_1_198' title='bbox 938 2617 1054 2677; x_wconf 90' lang='lat' dir='ltr'>amoris</span> <span class='ocrx_word' id='word_1_199' title='bbox 1085 2616 1291 2697; x_wconf 92' lang='lat' dir='ltr'>omniumque</span> <span class='ocrx_word' id='word_1_200' title='bbox 1320 2618 1458 2679; x_wconf 90' lang='lat' dir='ltr'>istarum</span> 
     </span>
     <span class='ocr_line' id='line_1_23' title="bbox 225 2723 1492 2804; baseline 0.002 -20"><span class='ocrx_word' id='word_1_201' title='bbox 225 2723 433 2804; x_wconf 89' lang='lat' dir='ltr'>procellarum</span> <span class='ocrx_word' id='word_1_202' title='bbox 474 2726 597 2785; x_wconf 92' lang='lat' dir='ltr'>animos</span> <span class='ocrx_word' id='word_1_203' title='bbox 628 2725 813 2784; x_wconf 90' lang='lat' dir='ltr'>uexantium</span> <span class='ocrx_word' id='word_1_204' title='bbox 844 2732 917 2784; x_wconf 85' lang='lat' dir='ltr'>sunt</span> <span class='ocrx_word' id='word_1_205' title='bbox 955 2723 1113 2803; x_wconf 90' lang='lat' dir='ltr'>quaedam</span> <span class='ocrx_word' id='word_1_206' title='bbox 1144 2724 1339 2802; x_wconf 86' lang='lat' dir='ltr'>praenuntia</span> <span class='ocrx_word' id='word_1_207' title='bbox 1402 2727 1492 2804; x_wconf 85' lang='lat' dir='ltr'>qui3</span> 
     </span>
     <span class='ocr_line' id='line_1_24' title="bbox 226 2827 1457 2909; baseline 0.001 -19"><span class='ocrx_word' id='word_1_208' title='bbox 226 2828 375 2891; x_wconf 91' lang='lat' dir='ltr'>comitiali</span> <span class='ocrx_word' id='word_1_209' title='bbox 406 2831 481 2891; x_wconf 88' lang='lat' dir='ltr'>uitio</span> <span class='ocrx_word' id='word_1_210' title='bbox 513 2828 616 2890; x_wconf 90' lang='lat' dir='ltr'>solent</span> <span class='ocrx_word' id='word_1_211' title='bbox 649 2831 772 2909; x_wconf 89' lang='lat' dir='ltr'>corripi,</span> <span class='ocrx_word' id='word_1_212' title='bbox 804 2831 867 2889; x_wconf 90' lang='lat' dir='ltr'>iam</span> <span class='ocrx_word' id='word_1_213' title='bbox 899 2827 1072 2890; x_wconf 88' lang='lat' dir='ltr'>aduentare</span> <span class='ocrx_word' id='word_1_214' title='bbox 1095 2828 1308 2890; x_wconf 88' lang='lat' dir='ltr'>ualetudinem</span> <span class='ocrx_word' id='word_1_215' title='bbox 1331 2828 1457 2892; x_wconf 90' lang='lat' dir='ltr'>intelle-</span> 
     </span>
     <span class='ocr_line' id='line_1_25' title="bbox 225 2934 1459 3016; baseline 0.001 -19"><span class='ocrx_word' id='word_1_216' title='bbox 225 2945 318 3014; x_wconf 85' lang='lat' dir='ltr'>gunt,</span> <span class='ocrx_word' id='word_1_217' title='bbox 349 2938 375 2997; x_wconf 91' lang='lat' dir='ltr'>si</span> <span class='ocrx_word' id='word_1_218' title='bbox 406 2935 492 2996; x_wconf 90' lang='lat' dir='ltr'>calor</span> <span class='ocrx_word' id='word_1_219' title='bbox 524 2955 650 2997; x_wconf 92' lang='lat' dir='ltr'>summa</span> <span class='ocrx_word' id='word_1_220' title='bbox 680 2936 817 2996; x_wconf 87' lang='lat' dir='ltr'>deseruit</span> <span class='ocrx_word' id='word_1_221' title='bbox 850 2945 883 2996; x_wconf 90' lang='lat' dir='ltr'>et</span> <span class='ocrx_word' id='word_1_222' title='bbox 913 2938 1066 2997; x_wconf 91' lang='lat' dir='ltr'>incertum</span> <span class='ocrx_word' id='word_1_223' title='bbox 1089 2934 1197 2995; x_wconf 86' lang='lat' dir='ltr'>lumen</span> <span class='ocrx_word' id='word_1_224' title='bbox 1219 2955 1459 3016; x_wconf 92' lang='lat' dir='ltr'>neruorumque</span> 
     </span>
    </p>

    <p class='ocr_par' dir='ltr' id='par_1_6' title="bbox 185 3040 1494 3547">
     <span class='ocr_line' id='line_1_26' title="bbox 185 3040 1458 3122; baseline -0.002 -17"><span class='ocrx_word' id='word_1_225' title='bbox 185 3057 209 3097; x_wconf 62' lang='lat'>251</span> <span class='ocrx_word' id='word_1_226' title='bbox 225 3042 395 3121; x_wconf 90' lang='lat' dir='ltr'>trepidatio</span> <span class='ocrx_word' id='word_1_227' title='bbox 427 3050 491 3114; x_wconf 89' lang='lat' dir='ltr'>est,</span> <span class='ocrx_word' id='word_1_228' title='bbox 522 3044 547 3103; x_wconf 90' lang='lat' dir='ltr'>si</span> <span class='ocrx_word' id='word_1_229' title='bbox 578 3043 733 3102; x_wconf 88' lang='lat' dir='ltr'>memoria</span> <span class='ocrx_word' id='word_1_230' title='bbox 765 3040 939 3102; x_wconf 89' lang='lat' dir='ltr'>sublabitur</span> <span class='ocrx_word' id='word_1_231' title='bbox 969 3050 1126 3122; x_wconf 89' lang='lat' dir='ltr'>caputque</span> <span class='ocrx_word' id='word_1_232' title='bbox 1157 3051 1306 3103; x_wconf 84' lang='lat' dir='ltr'>uersatur.</span> <span class='ocrx_word' id='word_1_233' title='bbox 1353 3041 1458 3105; x_wconf 90' lang='lat' dir='ltr'>solitis</span> 
     </span>
     <span class='ocr_line' id='line_1_27' title="bbox 224 3147 1460 3230; baseline 0.001 -21"><span class='ocrx_word' id='word_1_234' title='bbox 224 3151 330 3230; x_wconf 93' lang='lat' dir='ltr'>itaque</span> <span class='ocrx_word' id='word_1_235' title='bbox 360 3150 507 3210; x_wconf 89' lang='lat' dir='ltr'>remediis</span> <span class='ocrx_word' id='word_1_236' title='bbox 537 3150 736 3228; x_wconf 89' lang='lat' dir='ltr'>incipientem</span> <span class='ocrx_word' id='word_1_237' title='bbox 768 3167 896 3209; x_wconf 91' lang='lat' dir='ltr'>causam</span> <span class='ocrx_word' id='word_1_238' title='bbox 928 3159 1086 3226; x_wconf 90' lang='lat' dir='ltr'>occupant</span> <span class='ocrx_word' id='word_1_239' title='bbox 1116 3157 1149 3209; x_wconf 88' lang='lat' dir='ltr'>et</span> <span class='ocrx_word' id='word_1_240' title='bbox 1172 3147 1272 3209; x_wconf 90' lang='lat' dir='ltr'>odore</span> <span class='ocrx_word' id='word_1_241' title='bbox 1295 3156 1460 3229; x_wconf 83' lang='lat' dir='ltr'>gustuque</span> 
     </span>
     <span class='ocr_line' id='line_1_28' title="bbox 224 3252 1459 3337; baseline 0 -21"><span class='ocrx_word' id='word_1_242' title='bbox 224 3256 376 3337; x_wconf 94' lang='lat' dir='ltr'>quidquid</span> <span class='ocrx_word' id='word_1_243' title='bbox 400 3264 449 3316; x_wconf 92' lang='lat' dir='ltr'>est</span> <span class='ocrx_word' id='word_1_244' title='bbox 472 3256 559 3335; x_wconf 93' lang='lat' dir='ltr'>quod</span> <span class='ocrx_word' id='word_1_245' title='bbox 583 3255 698 3316; x_wconf 91' lang='lat' dir='ltr'>alienat</span> <span class='ocrx_word' id='word_1_246' title='bbox 722 3257 844 3315; x_wconf 90' lang='lat' dir='ltr'>animos</span> <span class='ocrx_word' id='word_1_247' title='bbox 875 3252 1049 3333; x_wconf 89' lang='lat' dir='ltr'>repellitur:</span> <span class='ocrx_word' id='word_1_248' title='bbox 1085 3264 1139 3316; x_wconf 91' lang='lat' dir='ltr'>aut</span> <span class='ocrx_word' id='word_1_249' title='bbox 1166 3252 1316 3316; x_wconf 81' lang='lat' dir='ltr'>fomentis</span> <span class='ocrx_word' id='word_1_250' title='bbox 1341 3263 1459 3318; x_wconf 88' lang='lat' dir='ltr'>eontra</span> 
     </span>
     <span class='ocr_line' id='line_1_29' title="bbox 223 3359 1457 3441; baseline 0.003 -22"><span class='ocrx_word' id='word_1_251' title='bbox 223 3359 319 3441; x_wconf 81' lang='lat' dir='ltr'>frigus</span> <span class='ocrx_word' id='word_1_252' title='bbox 355 3362 554 3440; x_wconf 86' lang='lat' dir='ltr'>rigoremque</span> <span class='ocrx_word' id='word_1_253' title='bbox 593 3370 767 3440; x_wconf 91' lang='lat' dir='ltr'>pugnatur,</span> <span class='ocrx_word' id='word_1_254' title='bbox 806 3369 860 3422; x_wconf 89' lang='lat' dir='ltr'>aut</span> <span class='ocrx_word' id='word_1_255' title='bbox 898 3361 923 3421; x_wconf 93' lang='lat' dir='ltr'>si</span> <span class='ocrx_word' id='word_1_256' title='bbox 961 3381 1071 3440; x_wconf 91' lang='lat' dir='ltr'>parum</span> <span class='ocrx_word' id='word_1_257' title='bbox 1112 3361 1271 3423; x_wconf 90' lang='lat' dir='ltr'>medicina</span> <span class='ocrx_word' id='word_1_258' title='bbox 1308 3359 1457 3440; x_wconf 82' lang='lat' dir='ltr'>proiecit,</span> 
     </span>
     <span class='ocr_line' id='line_1_30' title="bbox 225 3466 1494 3547; baseline 0 -19"><span class='ocrx_word' id='word_1_259' title='bbox 225 3469 402 3528; x_wconf 90' lang='lat' dir='ltr'>uitauerunt</span> <span class='ocrx_word' id='word_1_260' title='bbox 433 3467 559 3527; x_wconf 91' lang='lat' dir='ltr'>turbam</span> <span class='ocrx_word' id='word_1_261' title='bbox 591 3475 623 3527; x_wconf 89' lang='lat' dir='ltr'>et</span> <span class='ocrx_word' id='word_1_262' title='bbox 661 3469 727 3529; x_wconf 88' lang='lat' dir='ltr'>sine</span> <span class='ocrx_word' id='word_1_263' title='bbox 765 3476 848 3528; x_wconf 89' lang='lat' dir='ltr'>teste</span> <span class='ocrx_word' id='word_1_264' title='bbox 887 3468 1074 3528; x_wconf 88' lang='lat' dir='ltr'>ceciderunt.</span> <span class='ocrx_word' id='word_1_265' title='bbox 1134 3468 1266 3547; x_wconf 89' lang='lat' dir='ltr'>prodest</span> <span class='ocrx_word' id='word_1_266' title='bbox 1302 3466 1494 3534; x_wconf 70' lang='lat' dir='ltr'>morbumt</span> 
     </span>
    </p>
   </div>
   <div class='ocr_carea' id='block_1_3' title="bbox 146 3728 1461 4514">
    <p class='ocr_par' dir='ltr' id='par_1_7' title="bbox 146 3728 1459 4152">
     <span class='ocr_line' id='line_1_31' title="bbox 146 3728 1457 3803; baseline -0.001 -21"><span class='ocrx_word' id='word_1_267' title='bbox 146 3795 151 3803; x_wconf 85' lang='lat'><strong>.</strong></span> <span class='ocrx_word' id='word_1_268' title='bbox 223 3731 325 3795; x_wconf 63' lang='lat' dir='ltr'>‘lchd</span> <span class='ocrx_word' id='word_1_269' title='bbox 428 3730 649 3795; x_wconf 80' lang='lat' dir='ltr'>beomcompellit</span> <span class='ocrx_word' id='word_1_270' title='bbox 751 3729 934 3782; x_wconf 82' lang='lat' dir='ltr'>7attenuatum</span> <span class='ocrx_word' id='word_1_271' title='bbox 954 3730 1054 3799; x_wconf 77' lang='lat' dir='ltr'>(prima</span> <span class='ocrx_word' id='word_1_272' title='bbox 1074 3741 1082 3779; x_wconf 92' lang='lat' dir='ltr'>t</span> <span class='ocrx_word' id='word_1_273' title='bbox 1101 3730 1183 3795; x_wconf 82' lang='lat' dir='ltr'>corr.)</span> <span class='ocrx_word' id='word_1_274' title='bbox 1282 3728 1457 3781; x_wconf 68' lang='lat' dir='ltr'>dualitudine</span> 
     </span>
     <span class='ocr_line' id='line_1_32' title="bbox 226 3814 1458 3884; baseline 0.002 -17"><span class='ocrx_word' id='word_1_275' title='bbox 226 3819 245 3883; x_wconf 80' lang='lat' dir='ltr'>(i</span> <span class='ocrx_word' id='word_1_276' title='bbox 264 3818 347 3883; x_wconf 78' lang='lat' dir='ltr'>corr.)</span> <span class='ocrx_word' id='word_1_277' title='bbox 422 3820 499 3867; x_wconf 81' lang='lat' dir='ltr'>fames</span> <span class='ocrx_word' id='word_1_278' title='bbox 518 3836 615 3884; x_wconf 93' lang='lat' dir='ltr'>quoque</span> <span class='ocrx_word' id='word_1_279' title='bbox 634 3826 656 3868; x_wconf 90' lang='lat' dir='ltr'>et</span> <span class='ocrx_word' id='word_1_280' title='bbox 675 3821 726 3867; x_wconf 89' lang='lat' dir='ltr'>sitis</span> <span class='ocrx_word' id='word_1_281' title='bbox 746 3858 751 3869; x_wconf 89' lang='lat'>.</span> <span class='ocrx_word' id='word_1_282' title='bbox 773 3860 778 3872; x_wconf 87' lang='lat'>.</span> <span class='ocrx_word' id='word_1_283' title='bbox 800 3860 805 3872; x_wconf 87' lang='lat'>.</span> <span class='ocrx_word' id='word_1_284' title='bbox 826 3820 933 3869; x_wconf 89' lang='lat' dir='ltr'>incendit</span> <span class='ocrx_word' id='word_1_285' title='bbox 952 3820 1049 3867; x_wconf 87' lang='lat' dir='ltr'>animos</span> <span class='ocrx_word' id='word_1_286' title='bbox 1067 3818 1189 3870; x_wconf 78' lang='lat' dir='ltr'>inntert&#39;lo</span> <span class='ocrx_word' id='word_1_287' title='bbox 1211 3814 1293 3870; x_wconf 79' lang='lat' dir='ltr'>Gertz</span> <span class='ocrx_word' id='word_1_288' title='bbox 1312 3822 1378 3872; x_wconf 73' lang='lat' dir='ltr'>ante</span> <span class='ocrx_word' id='word_1_289' title='bbox 1396 3820 1458 3870; x_wconf 87' lang='lat' dir='ltr'>ideo</span> 
     </span>
     <span class='ocr_line' id='line_1_33' title="bbox 223 3905 1459 3977; baseline 0.004 -21"><span class='ocrx_word' id='word_1_290' title='bbox 223 3910 310 3973; x_wconf 89' lang='lat' dir='ltr'>quibus</span> <span class='ocrx_word' id='word_1_291' title='bbox 331 3909 368 3973; x_wconf 78' lang='lat'>(³)</span> <span class='ocrx_word' id='word_1_292' title='bbox 389 3905 595 3975; x_wconf 76' lang='lat' dir='ltr'>transponenda</span> <span class='ocrx_word' id='word_1_293' title='bbox 615 3915 718 3964; x_wconf 60' lang='lat' dir='ltr'>censen</span> <span class='ocrx_word' id='word_1_294' title='bbox 735 3908 856 3977; x_wconf 78' lang='lat' dir='ltr'>primum</span> <span class='ocrx_word' id='word_1_295' title='bbox 876 3905 1098 3976; x_wconf 60' lang='lat' dir='ltr'>defatigatione,</span> <span class='ocrx_word' id='word_1_296' title='bbox 1118 3923 1173 3975; x_wconf 82' lang='lat' dir='ltr'>qua</span> <span class='ocrx_word' id='word_1_297' title='bbox 1187 3922 1221 3959; x_wconf 84' lang='lat' dir='ltr'>ne</span> <span class='ocrx_word' id='word_1_298' title='bbox 1234 3905 1296 3959; x_wconf 76' lang='lat' dir='ltr'>bilis</span> <span class='ocrx_word' id='word_1_299' title='bbox 1308 3914 1459 3961; x_wconf 72' lang='lat' dir='ltr'>monemur</span> 
     </span>
     <span class='ocr_line' id='line_1_34' title="bbox 224 3994 1459 4066; baseline 0.001 -16"><span class='ocrx_word' id='word_1_300' title='bbox 224 3996 284 4050; x_wconf 80' lang='lat' dir='ltr'>cibo</span> <span class='ocrx_word' id='word_1_301' title='bbox 303 3996 481 4064; x_wconf 79' lang='lat' dir='ltr'>temperanda</span> <span class='ocrx_word' id='word_1_302' title='bbox 500 4002 549 4058; x_wconf 81' lang='lat' dir='ltr'>est,</span> <span class='ocrx_word' id='word_1_303' title='bbox 575 3995 682 4058; x_wconf 78' lang='lat' dir='ltr'>dicitur,</span> <span class='ocrx_word' id='word_1_304' title='bbox 710 3995 808 4049; x_wconf 79' lang='lat' dir='ltr'>deinde</span> <span class='ocrx_word' id='word_1_305' title='bbox 827 3995 860 4049; x_wconf 83' lang='lat' dir='ltr'>de</span> <span class='ocrx_word' id='word_1_306' title='bbox 877 3996 953 4062; x_wconf 76' lang='lat' dir='ltr'>sanie</span> <span class='ocrx_word' id='word_1_307' title='bbox 972 4011 1005 4047; x_wconf 80' lang='lat' dir='ltr'>ac</span> <span class='ocrx_word' id='word_1_308' title='bbox 1029 3996 1076 4048; x_wconf 80' lang='lat' dir='ltr'>siti</span> <span class='ocrx_word' id='word_1_309' title='bbox 1092 3996 1118 4046; x_wconf 81' lang='lat' dir='ltr'>in</span> <span class='ocrx_word' id='word_1_310' title='bbox 1139 3995 1305 4062; x_wconf 58' lang='lat' dir='ltr'>uniuersum,</span> <span class='ocrx_word' id='word_1_311' title='bbox 1326 3994 1459 4066; x_wconf 83' lang='lat' dir='ltr'>adquae</span> 
     </span>
     <span class='ocr_line' id='line_1_35' title="bbox 223 4082 1456 4152; baseline 0.001 -16"><span class='ocrx_word' id='word_1_312' title='bbox 223 4084 384 4152; x_wconf 78' lang='lat' dir='ltr'>referuntur</span> <span class='ocrx_word' id='word_1_313' title='bbox 397 4083 496 4136; x_wconf 79' lang='lat' dir='ltr'>uerba:</span> <span class='ocrx_word' id='word_1_314' title='bbox 519 4085 551 4132; x_wconf 79' lang='lat' dir='ltr'>a&#39;b</span> <span class='ocrx_word' id='word_1_315' title='bbox 571 4085 689 4133; x_wconf 84' lang='lat' dir='ltr'>esuriente</span> <span class='ocrx_word' id='word_1_316' title='bbox 706 4091 729 4133; x_wconf 88' lang='lat' dir='ltr'>et</span> <span class='ocrx_word' id='word_1_317' title='bbox 748 4101 763 4132; x_wconf 91' lang='lat' dir='ltr'>a</span> <span class='ocrx_word' id='word_1_318' title='bbox 781 4086 876 4133; x_wconf 83' lang='lat' dir='ltr'>sitiente</span> <span class='ocrx_word' id='word_1_319' title='bbox 948 4083 1055 4135; x_wconf 82' lang='lat' dir='ltr'>9causi⁵</span> <span class='ocrx_word' id='word_1_320' title='bbox 1077 4084 1098 4148; x_wconf 89' lang='lat' dir='ltr'>(s</span> <span class='ocrx_word' id='word_1_321' title='bbox 1111 4082 1174 4151; x_wconf 84' lang='lat' dir='ltr'>del.)</span> <span class='ocrx_word' id='word_1_322' title='bbox 1248 4083 1281 4136; x_wconf 78' lang='lat'>12</span> <span class='ocrx_word' id='word_1_323' title='bbox 1295 4096 1332 4133; x_wconf 81' lang='lat' dir='ltr'>reS</span> <span class='ocrx_word' id='word_1_324' title='bbox 1352 4084 1374 4150; x_wconf 88' lang='lat' dir='ltr'>(s</span> <span class='ocrx_word' id='word_1_325' title='bbox 1387 4083 1456 4152; x_wconf 74' lang='lat' dir='ltr'>ael.)</span> 
     </span>
    </p>

    <p class='ocr_par' dir='ltr' id='par_1_8' title="bbox 296 4169 1457 4241">
     <span class='ocr_line' id='line_1_36' title="bbox 296 4169 1457 4241; baseline 0.001 -17"><span class='ocrx_word' id='word_1_326' title='bbox 296 4173 328 4224; x_wconf 82' lang='grc'>13</span> <span class='ocrx_word' id='word_1_327' title='bbox 349 4176 449 4222; x_wconf 84' lang='lat' dir='ltr'>affectus</span> <span class='ocrx_word' id='word_1_328' title='bbox 468 4171 558 4241; x_wconf 73' lang='lat' dir='ltr'>(prior</span> <span class='ocrx_word' id='word_1_329' title='bbox 576 4174 587 4220; x_wconf 87' lang='grc'>1</span> <span class='ocrx_word' id='word_1_330' title='bbox 604 4173 688 4239; x_wconf 86' lang='lat' dir='ltr'>corr.)</span> <span class='ocrx_word' id='word_1_331' title='bbox 764 4173 796 4223; x_wconf 72' lang='grc'>11</span> <span class='ocrx_word' id='word_1_332' title='bbox 811 4173 913 4236; x_wconf 85' lang='lat' dir='ltr'>epistola</span> <span class='ocrx_word' id='word_1_333' title='bbox 934 4172 959 4237; x_wconf 91' lang='lat' dir='ltr'>(o</span> <span class='ocrx_word' id='word_1_334' title='bbox 974 4174 1056 4236; x_wconf 82' lang='lat' dir='ltr'>corr.)</span> <span class='ocrx_word' id='word_1_335' title='bbox 1129 4173 1208 4221; x_wconf 85' lang='lat' dir='ltr'>oratio</span> <span class='ocrx_word' id='word_1_336' title='bbox 1223 4169 1367 4241; x_wconf 78' lang='lat' dir='ltr'>plerique:</span> <span class='ocrx_word' id='word_1_337' title='bbox 1388 4176 1457 4225; x_wconf 75' lang='lat' dir='ltr'>ratio</span> 
     </span>
    </p>

    <p class='ocr_par' dir='ltr' id='par_1_9' title="bbox 222 4259 1461 4514">
     <span class='ocr_line' id='line_1_37' title="bbox 327 4259 1460 4332; baseline 0.003 -20"><span class='ocrx_word' id='word_1_338' title='bbox 327 4262 357 4313; x_wconf 74' lang='lat' dir='ltr'>lu</span> <span class='ocrx_word' id='word_1_339' title='bbox 377 4263 475 4326; x_wconf 87' lang='lat' dir='ltr'>querela</span> <span class='ocrx_word' id='word_1_340' title='bbox 575 4261 605 4313; x_wconf 80' lang='lat' dir='ltr'>l&#39;i&#39;</span> <span class='ocrx_word' id='word_1_341' title='bbox 625 4271 675 4310; x_wconf 86' lang='lat' dir='ltr'>turn</span> <span class='ocrx_word' id='word_1_342' title='bbox 695 4262 831 4331; x_wconf 72' lang='lat' dir='ltr'>siqrttficae</span> <span class='ocrx_word' id='word_1_343' title='bbox 850 4259 937 4330; x_wconf 82' lang='lat' dir='ltr'>ipsum</span> <span class='ocrx_word' id='word_1_344' title='bbox 956 4259 1025 4312; x_wconf 80' lang='lat' dir='ltr'>illud</span> <span class='ocrx_word' id='word_1_345' title='bbox 1050 4266 1154 4330; x_wconf 64' lang='lat' dir='ltr'>tenpus</span> <span class='ocrx_word' id='word_1_346' title='bbox 1179 4276 1233 4329; x_wconf 81' lang='lat' dir='ltr'>quo</span> <span class='ocrx_word' id='word_1_347' title='bbox 1250 4260 1364 4332; x_wconf 76' lang='lat' dir='ltr'>primus</span> <span class='ocrx_word' id='word_1_348' title='bbox 1385 4261 1460 4316; x_wconf 77' lang='lat' dir='ltr'>mali</span> 
     </span>
     <span class='ocr_line' id='line_1_38' title="bbox 222 4347 1457 4418; baseline 0.001 -17"><span class='ocrx_word' id='word_1_349' title='bbox 222 4366 318 4402; x_wconf 78' lang='lat' dir='ltr'>seusus</span> <span class='ocrx_word' id='word_1_350' title='bbox 337 4366 386 4403; x_wconf 77' lang='lat' dir='ltr'>uos</span> <span class='ocrx_word' id='word_1_351' title='bbox 404 4349 476 4402; x_wconf 81' lang='lat' dir='ltr'>subit</span> <span class='ocrx_word' id='word_1_352' title='bbox 568 4351 600 4402; x_wconf 70' lang='lat' dir='ltr'>ld</span> <span class='ocrx_word' id='word_1_353' title='bbox 620 4352 736 4414; x_wconf 85' lang='lat' dir='ltr'>impetum</span> <span class='ocrx_word' id='word_1_354' title='bbox 840 4347 872 4400; x_wconf 85' lang='grc'>19</span> <span class='ocrx_word' id='word_1_355' title='bbox 893 4351 992 4398; x_wconf 88' lang='lat' dir='ltr'>affectus</span> <span class='ocrx_word' id='word_1_356' title='bbox 1013 4348 1103 4418; x_wconf 79' lang='lat' dir='ltr'>(prior</span> <span class='ocrx_word' id='word_1_357' title='bbox 1122 4349 1134 4397; x_wconf 84' lang='lat' dir='ltr'><strong>f</strong></span> <span class='ocrx_word' id='word_1_358' title='bbox 1150 4347 1233 4416; x_wconf 80' lang='lat' dir='ltr'>corr.)</span> <span class='ocrx_word' id='word_1_359' title='bbox 1337 4349 1372 4402; x_wconf 83' lang='lat'>21</span> <span class='ocrx_word' id='word_1_360' title='bbox 1391 4358 1457 4402; x_wconf 83' lang='lat' dir='ltr'>nota</span> 
     </span>
     <span class='ocr_line' id='line_1_39' title="bbox 223 4436 1461 4514; baseline 0.003 -27"><span class='ocrx_word' id='word_1_361' title='bbox 223 4441 335 4488; x_wconf 90' lang='lat' dir='ltr'>eueniunt</span> <span class='ocrx_word' id='word_1_362' title='bbox 354 4442 427 4509; x_wconf 78' lang='lat' dir='ltr'>(post</span> <span class='ocrx_word' id='word_1_363' title='bbox 446 4455 460 4486; x_wconf 89' lang='lat' dir='ltr'>a</span> <span class='ocrx_word' id='word_1_364' title='bbox 480 4441 547 4499; x_wconf 72' lang='lat' dir='ltr'>riis.)</span> <span class='ocrx_word' id='word_1_365' title='bbox 639 4441 674 4487; x_wconf 88' lang='lat' dir='ltr'>ire</span> <span class='ocrx_word' id='word_1_366' title='bbox 693 4441 784 4488; x_wconf 87' lang='lat' dir='ltr'>amoris</span> <span class='ocrx_word' id='word_1_367' title='bbox 805 4438 930 4506; x_wconf 80' lang='lat' dir='ltr'>(postire</span> <span class='ocrx_word' id='word_1_368' title='bbox 949 4436 1016 4504; x_wconf 72' lang='lat' dir='ltr'>ras)</span> <span class='ocrx_word' id='word_1_369' title='bbox 1090 4437 1123 4490; x_wconf 78' lang='lat'>23</span> <span class='ocrx_word' id='word_1_370' title='bbox 1143 4438 1304 4488; x_wconf 84' lang='lat' dir='ltr'>ualitudinem</span> <span class='ocrx_word' id='word_1_371' title='bbox 1323 4440 1344 4504; x_wconf 77' lang='lat' dir='ltr'>(i</span> <span class='ocrx_word' id='word_1_372' title='bbox 1364 4445 1461 4514; x_wconf 49' lang='lat' dir='ltr'>tiurr.)¹</span> 
     </span>
    </p>
   </div>
   <div class='ocr_carea' id='block_1_4' title="bbox 0 0 1528 5092">
    <p class='ocr_par' dir='ltr' id='par_1_10' title="bbox 0 0 1528 5092">
     <span class='ocr_line' id='line_1_40' title="bbox 0 0 1528 5092; baseline 0 0"><span class='ocrx_word' id='word_1_373' title='bbox 0 0 1528 5092; x_wconf 95' lang='lat' dir='ltr'> </span> 
     </span>
    </p>
   </div>
  </div>
 </body>
</html>
