3046 5092
211 322 272 386 188
530 306 610 359 mnu.
621 315 681 358 vm.
710 319 750 358 no
766 317 908 359 sununvu
922 317 963 359 oa
977 316 1059 360 orro.
1088 319 1108 359 t.

207 462 302 527 flexili
332 465 476 545 inposuit.
523 463 638 527 deinde
668 484 744 526 sena
775 485 831 546 per
862 464 963 539 diem,
996 483 1072 526 sena
1101 483 1158 545 per
1188 470 1317 525 noctem
1341 463 1436 550 signa

206 572 382 654 perducens
413 570 530 633 nullam
561 591 624 632 non
655 579 778 652 partem
809 572 856 633 sui
887 569 1051 651 explicuit,
1081 578 1116 631 ut
1143 589 1200 651 per
1222 568 1318 643 haec,
1349 589 1436 650 quae

207 676 366 760 optulerat
395 676 493 739 oculis
524 678 604 752 eius,
636 678 839 759 cupiditatem
871 675 987 738 faceret
1018 677 1113 739 etiam
1137 684 1325 738 ceterorum.
1370 692 1470 745 nec5

207 784 289 846 enim
314 785 420 846 omnia
443 803 501 844 nec
523 792 612 846 tanta
634 785 761 846 uisimus
784 792 902 865 quanta
924 791 1004 858 sunt,
1028 783 1085 844 sed
1108 783 1190 845 acies
1206 790 1316 844 nostra
1331 786 1437 865 aperit

180 890 264 953 ssibi
301 890 509 971 inuestigandi
547 891 630 952 uiam
668 900 701 952 et
739 888 944 952 fundamenta
975 910 1051 952 uero
1082 890 1169 963 iacit,
1209 897 1244 950 ut
1274 889 1436 970 inquisitio

205 1006 345 1060 transeat
380 1017 423 1058 ex
457 998 572 1078 apertis
604 999 637 1059 in
666 997 802 1059 obscura
832 1005 864 1059 et
894 995 1010 1078 aliquid
1040 998 1110 1078 ipso
1141 995 1262 1058 mundo
1293 996 1436 1059 inueniat

205 1105 376 1186 antiquiuS,
411 1104 496 1165 unde
530 1105 590 1165 ista
620 1104 724 1165 sidera
754 1104 894 1166 exierint,
940 1103 1007 1186 quis
1039 1103 1129 1164 fuerit
1158 1102 1291 1164 uniuersi
1321 1112 1436 1179 status

206 1195 376 1291 antequam
399 1208 522 1290 singula
544 1211 574 1270 in
597 1220 702 1291 partes
726 1202 932 1273 discederent.
967 1230 1049 1291 quae
1072 1212 1150 1272 ratio
1174 1225 1279 1271 mersa
1302 1218 1334 1271 et
1357 1231 1436 1272 con-

205 1315 273 1379 fusa
296 1317 463 1379 diduxerit.
502 1317 571 1397 quis
593 1316 664 1378 loca
687 1317 780 1378 rebus
804 1315 1022 1398 adsignauerit.
1053 1324 1166 1398 suapte
1189 1324 1300 1378 natura
1324 1319 1437 1398 grauia

166 1439 191 1478 ¹0
205 1423 440 1498 descenderint,
472 1422 665 1486 euolauerint
696 1423 788 1498 leuia,
812 1444 852 1485 an
876 1433 1000 1504 praeter
1022 1424 1124 1485 nisum
1146 1424 1336 1505 pondusque
1359 1444 1432 1487 cor-

205 1549 319 1612 porum
343 1528 435 1593 altior
457 1529 560 1612 aliqua
583 1531 629 1593 uis
652 1529 757 1612 legem
780 1529 908 1612 singulis
932 1530 1054 1592 dixerit.
1086 1551 1126 1592 an
1149 1528 1224 1592 illud
1248 1551 1357 1592 uerum
1383 1532 1434 1607 sit,

205 1657 269 1718 quo
305 1637 445 1698 maxime
479 1636 632 1719 probatur
661 1637 805 1699 homines
836 1638 931 1699 diuini
962 1633 1031 1699 e'sse
1062 1638 1202 1718 spiritus,
1239 1645 1363 1718 partem
1397 1657 1437 1702 ac

205 1742 299 1805 ueluti
323 1742 470 1805 scintillas
493 1745 648 1825 quasdam
672 1754 828 1807 astrorum
852 1745 883 1836 in
906 1753 1023 1823 tergam
1040 1743 1200 1807 desiluisse
1216 1754 1312 1826 atque
1329 1743 1434 1809 alieno

205 1849 277 1912 loco
313 1849 458 1913 haesisse.
513 1851 662 1932 cogitatio
698 1861 807 1913 nostra
837 1850 914 1914 caeli
944 1853 1140 1913 munimenta
1169 1853 1343 1934 perrumpit
1374 1867 1472 1920 necss

168 1971 191 2011 15
205 1965 355 2019 contenta
378 1966 426 2020 est
447 1957 486 2034 id,
510 1959 598 2040 quod
614 1959 798 2033 ostenditur,
822 1962 916 2021 scire:
950 1957 1033 2032 illud,
1057 1961 1162 2039 inquit,
1187 1968 1318 2033 scrutor,
1342 1960 1435 2040 quod

113 2142 121 2157 ι
205 2062 286 2126 ultra
321 2066 474 2127 mundum
505 2066 601 2139 iacet,
637 2075 784 2128 utrumne
814 2066 972 2148 profunda
1001 2069 1132 2128 uastitas
1148 2066 1203 2128 sit
1234 2086 1273 2128 an
1304 2075 1338 2128 et
1368 2065 1435 2129 hoc

205 2173 306 2252 ipsum
331 2174 470 2233 terminis
494 2172 556 2234 suis
580 2171 731 2235 cludatur.
779 2173 877 2254 qualis
900 2176 940 2235 sit
963 2172 1089 2234 habitus
1113 2172 1264 2247 exclusis,
1287 2171 1434 2236 informia

206 2285 237 2338 et
261 2277 390 2340 confusa
413 2278 490 2353 sint,
521 2279 551 2340 in
575 2299 704 2341 omnem
727 2289 851 2362 partem
874 2280 1063 2343 tantundem
1086 2278 1147 2342 loci
1169 2282 1360 2362 optinentia,
1392 2301 1432 2343 an

205 2391 238 2444 et
267 2382 318 2446 illa
341 2386 370 2446 in
394 2382 529 2466 aliquem
554 2385 673 2448 cultum
698 2378 854 2469 descripta
876 2389 946 2449 sint.
992 2384 1064 2448 huic
1086 2385 1278 2448 cohaereant
1301 2369 1433 2461 mundo,

165 2504 191 2545 m
205 2510 244 2551 an
268 2489 364 2571 longe
387 2490 428 2552 ab
451 2490 514 2553 hoc
536 2495 721 2555 secesserint
744 2502 776 2555 et
799 2494 830 2554 in
846 2513 948 2555 uacuo
964 2491 1154 2558 uolutentur.
1186 2491 1346 2555 indiuidua
1361 2496 1432 2566 sint,

204 2617 260 2679 per
283 2581 365 2678 quae
388 2601 517 2661 struitur
539 2618 635 2661 omne
658 2601 746 2681 quod
769 2608 878 2662 natum
901 2598 1102 2687 futurumque
1126 2608 1190 2673 est,
1221 2619 1261 2660 an
1285 2603 1435 2663 continua

205 2724 316 2765 eorum
349 2706 480 2767 materia
503 2707 542 2768 sit
565 2715 597 2768 et
621 2726 678 2789 per
700 2716 806 2769 totum
830 2694 995 2769 mutabilis
1043 2716 1147 2769 utrum
1172 2708 1329 2769 contraria
1351 2708 1434 2770 inter

204 2830 238 2872 se
262 2809 419 2890 elementa
441 2814 511 2887 sint,
535 2833 575 2873 an
598 2834 661 2874 non
685 2823 835 2894 pugnent,
859 2815 916 2875 sed
939 2833 996 2894 per
1018 2811 1142 2875 diuersa
1165 2814 1355 2894 conspirent.
1391 2815 1434 2875 ad
1453 2829 1468 2881 7

203 2916 283 2979 haec
306 2919 486 2999 quaerenda
509 2929 608 2994 natus,
633 2921 779 2994 aestima,
804 2939 899 3002 quam
923 2939 987 2980 non
1012 2917 1146 2981 multum
1170 2920 1327 3001 acceperit
1350 2929 1432 2983 tem-

164 3037 190 3078 25
204 3027 297 3105 poris,
322 3025 443 3086 etiamsi
467 3024 542 3087 illud
565 3035 671 3090 totum
695 3027 752 3089 sibi
775 3028 919 3102 uindicat,
944 3028 992 3087 cui
1008 3024 1079 3100 licet
1096 3024 1169 3088 nihil
1185 3025 1332 3089 facilitate
1348 3030 1433 3109 eripi,

204 3130 278 3193 nihil
315 3130 516 3213 neglegentia
550 3133 689 3214 patiatur
719 3135 883 3208 excidere,
920 3132 993 3196 licet
1024 3131 1117 3194 horas
1148 3153 1220 3208 suas
1251 3135 1433 3196 auarissime

205 3484 222 3537 2
247 3487 382 3550 perducens
401 3483 463 3538 olim
482 3498 569 3543 corn:
590 3488 723 3551 perducent
829 3485 846 3538 4
870 3462 979 3536 sedacies
1088 3485 1104 3535 t»
1123 3462 1218 3551 euaptis
1326 3489 1434 3538 inueniat
1493 3494 1496 3499 '

204 3572 301 3644 uulqo:
329 3576 456 3624 inueniant
600 3575 615 3627 7
640 3575 704 3624 unde
728 3577 774 3624 ista
798 3576 878 3625 sidera
903 3577 1003 3625 exierint
1029 3572 1088 3632 cod,
1108 3589 1195 3644 neque
1220 3580 1261 3629 esf
1284 3591 1335 3628 our
1353 3579 1434 3628 sidera

205 3661 339 3716 abiciatur
463 3661 480 3716 8
505 3664 657 3713 discederent
681 3679 753 3716 unus
779 3644 958 3717 deteriorum:
985 3665 1160 3715 descenderent
1295 3664 1329 3717 10
1354 3669 1433 3717 nisum

206 3749 370 3805 deteriores:
392 3753 448 3803 uisi]
528 3751 560 3804 13
585 3757 703 3801 astrorum
723 3750 846 3822 lipsius:
868 3769 996 3802 sacromm·
1089 3753 1214 3802 desiluisse
1234 3751 1291 3805 Ei:
1312 3755 1434 3806 resiluisse

391 3846 399 3878 t

296 3893 328 3946 15
349 3894 408 3959 inqd
499 3893 532 3947 16
552 3895 613 3944 ultra
631 3893 720 3947 nescio
739 3893 816 3963 quis:
837 3896 901 3944 iutra
993 3893 1024 3947 17
1043 3895 1158 3944 informia
1178 3892 1247 3951 det:
1268 3897 1363 3948 iforma

165 4008 167 4011 ·
206 3981 239 4036 18
257 3985 313 4050 sint,
333 3984 357 4032 in
376 3980 507 4050 Muduiq:
528 3985 583 4034 sint.
600 4000 631 4033 an
644 3986 669 4032 in
760 3982 793 4036 19
813 3989 927 4033 coereant
1017 3982 1051 4036 20
1070 3989 1094 4033 et
1106 3985 1131 4032 in
1143 4001 1222 4034 uacuo
1235 3983 1335 4054 uulgo:
1356 3988 1433 4037 ethic

205 4074 229 4122 in
248 4090 326 4123 uacuo
346 4070 405 4127 cod.
426 4070 569 4142 inquibus
589 4071 651 4125 uide
669 4089 703 4125 ue
722 4070 805 4125 lateat
824 4079 846 4122 et
865 4074 900 4122 sic
917 4073 940 4121 in
954 4089 1041 4138 uacuo,
1061 4069 1287 4141 quemadmodum
1300 4073 1433 4128 Horatius

194 4160 231 4213 'el
249 4161 307 4230 ipse
327 4159 433 4215 Seneca
451 4155 664 4230 fraqicm'dixr'l
682 4163 717 4211 sic
738 4169 827 4211 temere
924 4161 955 4213 21
976 4178 1042 4227 pque
1139 4160 1171 4212 23
1192 4169 1300 4227 pugnent
1319 4161 1433 4217 deterio-

206 4266 264 4302 res:
287 4259 378 4315 pugnet
486 4250 519 4303 25
547 4251 607 4300 illud
626 4251 653 4318 (d
673 4251 756 4317 corr.)
867 4252 933 4299 cuius
951 4250 1007 4300 licet
1028 4248 1150 4320 Muduip,
1174 4249 1226 4304 sed
1243 4265 1292 4304 our
1312 4241 1440 4305 datiuum*

206 4339 293 4392 miuus
319 4337 383 4392 tem
407 4339 572 4409 coniungere
597 4339 677 4392 licem
702 4354 760 4392 cum
785 4338 877 4393 uerbis
902 4341 962 4404 eripi
988 4344 1013 4392 et
1032 4340 1157 4403 excidere,
1180 4354 1263 4408 quam
1279 4340 1432 4410 ymeriuum

206 4442 267 4480 cum
285 4442 352 4480 uoce
371 4428 441 4494 nihil,
459 4443 513 4480 nou
532 4427 614 4480 uideo
704 4427 737 4480 26
758 4429 900 4478 auarissime
918 4425 982 4481 olim
1001 4431 1169 4481 correctum:
1190 4429 1346 4480 amarissime
