3046 5092
216 359 277 418 190
499 351 584 394 'DIAL.
595 348 655 394 VIII.
684 350 726 391 AD
741 349 883 391 SERENVM
898 348 939 390 DE
953 347 1035 392 OTIO.
1063 351 1083 391 θ.
1099 353 1119 392 l.
1135 353 1155 392 8.

214 497 408 580 Chrysippus
445 505 476 558 et
508 497 627 558 Zenon.
672 517 738 558 non
775 495 869 557 dubie
904 494 1110 576 respondebis
1140 496 1186 556 sic
1214 494 1284 558 illos
1315 495 1444 571 uixisse,

212 591 486 687 quemadmodum
512 604 658 665 dixerant
682 623 751 665 esse
774 602 961 664 uiuendum:
989 605 1074 683 atqui
1097 622 1193 664 nemo
1216 601 1341 665 illorum
1357 622 1444 665 rem-

107 699 112 703 *
212 710 371 792 publicam
395 710 632 772 administrauit.
687 707 849 785 nonfuit,
881 710 995 790 inquiS,
1019 708 1076 771 illis
1100 717 1153 771 aut
1176 730 1215 771 ea
1237 709 1362 772 fortuna
1387 719 1445 772 aut

213 839 251 881 ea
275 819 420 898 dignitas
445 837 526 898 quae
551 818 678 879 admitti
701 816 740 877 ad
762 815 958 897 publicarum
975 836 1078 878 rerum
1104 816 1323 878 tractationem
1348 816 1444 880 solet

173 938 185 976 ὃ
212 925 270 986 sed
293 925 387 986 iidem
411 922 610 984 nihilominus
634 942 697 984 non
714 942 846 1002 segnem
862 940 957 1000 egere
973 925 1086 984 uitam:
1112 923 1306 1000 inuenerunt,
1328 944 1444 1004 quem-

189 1031 388 1104 admodum
419 1030 488 1110 plus
521 1032 607 1111 quies
638 1028 761 1091 illorum
792 1027 972 1091 homiuibus
1000 1029 1168 1110 prodesset
1190 1049 1286 1111 quarn
1307 1029 1444 1092 aliorum

99 1204 101 1208 Α
206 1130 370 1199 'discursus
400 1145 433 1198 et
463 1137 568 1198 sudor.
615 1156 693 1216 ergo
718 1133 917 1197 nihilominus
940 1136 972 1197 hi
996 1134 1129 1198 multum
1154 1137 1256 1217 egisse
1280 1137 1336 1198 uisi
1357 1145 1444 1210 sunt,

212 1244 356 1324 quamuis
378 1242 452 1305 nihil
476 1242 600 1325 publice
624 1252 762 1324 agerent.

252 1343 255 1350 ’
300 1350 369 1412 VII.
410 1351 577 1411 Praeterea
609 1352 669 1412 tria
699 1369 816 1429 genera
848 1357 920 1410 sunt
950 1349 1048 1424 uitae,
1080 1351 1160 1412 inter
1182 1371 1264 1430 quae
1287 1351 1377 1431 quod
1402 1352 1480 1413 sitl

173 1471 198 1512 ¹0
212 1458 377 1539 optimum,
401 1457 507 1538 quaeri
530 1455 629 1517 solet:
664 1475 760 1516 unum
785 1453 940 1535 uoluptati
963 1464 1062 1540 uacat,
1086 1455 1219 1517 alterum
1242 1456 1443 1540 contempla-

211 1564 302 1638 tioni,
333 1564 458 1625 tertium
490 1566 614 1625 actioni.
661 1565 798 1644 primurn
827 1561 973 1642 deposita
1001 1563 1206 1624 contentione
1228 1562 1445 1644 depositoque

211 1671 296 1745 odio,
319 1671 408 1751 quod
430 1669 614 1750 inplacabile
638 1670 762 1731 diuersa
784 1667 987 1750 sequentibus
1003 1668 1179 1744 indiXimuS‚
1203 1670 1377 1747 uideamuS,
1403 1690 1445 1733 an

210 1776 289 1839 haec
317 1778 425 1838 omnia
454 1777 496 1838 ad
528 1776 614 1838 idem
645 1774 704 1836 sub
736 1775 796 1836 alio
825 1783 920 1855 atque
944 1775 1006 1837 alio
1028 1775 1119 1838 titulo
1142 1779 1335 1856 perueniant.
1383 1798 1445 1839 nec

211 1882 269 1959 ille,
292 1886 345 1964 qui
368 1883 566 1964 uoluptatem
589 1882 715 1964 probat,
738 1884 804 1944 sine
828 1881 1095 1962 contemplatione
1119 1890 1176 1944 est.
1222 1903 1281 1944 nec
1302 1882 1364 1959 ille,
1389 1886 1444 1965 qui

172 2004 197 2044 1⁵
212 1989 471 2072 contemplationi
502 1991 644 2064 inseruit,
675 1990 741 2051 sine
771 1988 935 2070 uoluptate
966 1998 1021 2051 est.
1073 2009 1131 2051 nec
1161 1987 1228 2064 ille,
1259 1989 1345 2051 cuius
1377 1991 1445 2054 uita

200 2097 386 2159 actionibus
410 2082 567 2159 destiriata
581 2106 639 2171 est,
662 2097 728 2158 sine
744 2095 1012 2176 contemplatione
1029 2105 1077 2158 est
1125 2095 1305 2177 plurimum,
1329 2097 1442 2178 inquis,
1463 2106 1479 2157 2

212 2205 395 2266 discriminis
419 2213 475 2280 est,
500 2212 603 2265 utrum
628 2201 730 2284 aliqua
745 2224 795 2271 res
805 2204 1008 2285 'propositum
1025 2205 1072 2278 sit,
1088 2223 1129 2265 an
1144 2205 1298 2284 propositi
1314 2204 1444 2266 alterius

107 2303 112 2312 Χ
211 2312 358 2373 accessio,
403 2311 444 2373 sit
475 2329 550 2373 sane
581 2310 702 2392 grande
720 2310 913 2385 discrimen,
944 2317 1053 2371 tamen
1084 2308 1216 2372 alterurn
1248 2311 1315 2372 sine
1339 2310 1442 2373 altero

211 2438 275 2479 non
299 2427 365 2480 est:
392 2437 451 2479 nec
473 2416 523 2479 ille
546 2418 612 2479 sine
635 2417 758 2479 actione
782 2414 1032 2497 contemplatur,
1051 2436 1110 2478 nec
1132 2415 1182 2478 hic
1204 2416 1271 2479 sine
1294 2425 1441 2479 contem-

170 2536 197 2577 20
210 2523 350 2605 piatione
373 2525 446 2605 agit,
470 2545 529 2586 nec
552 2523 602 2585 ille
624 2524 742 2598 tertius
767 2523 808 2585 de
831 2543 896 2604 quo
919 2521 1001 2584 male
1017 2524 1199 2585 existimare
1215 2524 1442 2600 consensimus,

209 2630 407 2713 uoluptatem
430 2633 563 2693 inertem
586 2630 718 2711 probat,
741 2632 799 2692 sed
823 2649 908 2703 eam,
933 2650 1029 2710 quam
1052 2631 1173 2692 ratione
1196 2629 1291 2696 elficit
1314 2630 1443 2693 firmam

208 2738 275 2801 sibi.
322 2740 365 2802 ita
395 2747 427 2800 et
458 2736 536 2800 haec
568 2739 635 2817 ipsa
665 2735 841 2818 uoluptaria
870 2746 958 2799 secta
987 2738 1019 2799 in
1050 2745 1122 2798 actu
1154 2745 1223 2798 ests
1256 2737 1365 2817 quidni
1400 2739 1476 2818 [in3

208 2855 280 2920 actu
314 2842 399 2926 esd?
430 2864 502 2906 cum
534 2845 601 2925 ipse
632 2843 716 2906 dicat
746 2843 899 2925 Epicurus
930 2843 1099 2924 aliquando
1130 2864 1165 2905 se
1196 2863 1394 2906 recessurum
1424 2866 1443 2907 a

209 2951 387 3033 uoluptate,
419 2950 564 3014 dolorem
589 2951 684 3014 etiarn
709 2951 937 3031 adpetiturum,
969 2951 994 3012 si
1018 2960 1072 3015 aut
1096 2949 1252 3031 uoluptati
1275 2950 1443 3014 inminebit
1469 2928 1475 2937 ¹

170 3067 197 3107 ²⁵
210 3060 403 3139 paenitentia
433 3066 487 3120 aut
517 3056 609 3120 dolor
640 3058 743 3119 minor
765 3078 824 3138 pro
848 3057 993 3138 grauiore
1016 3060 1178 3119 sumetur?
1217 3077 1281 3138 quo
1303 3057 1477 3139 pcrtinetl

208 3164 288 3228 haec
319 3167 443 3228 dicere?
475 3175 510 3227 ut
540 3173 692 3247 appareat
717 3165 1018 3246 contemplationem
1041 3163 1166 3244 placere
1189 3162 1336 3226 omnibus
1393 3162 1443 3225 alii

208 3260 322 3352 petunt
345 3270 448 3333 illam:
474 3265 566 3332 nobis
589 3269 669 3333 haec
691 3271 796 3345 statio,
819 3291 883 3331 non
906 3279 1016 3351 portus
1039 3279 1096 3333 est.

297 3377 381 3440 VIII.
421 3376 526 3439 Adice
548 3397 631 3438 nunc
656 3376 748 3458 [huc],
772 3378 860 3458 quod
883 3397 901 3439 e
923 3375 994 3458 lege
1020 3374 1188 3459 Chrysippi
1211 3377 1318 3438 uiuere
1334 3377 1442 3439 otioso
1461 3388 1474 3439 l

209 3483 299 3548 licet:
333 3505 398 3546 non
430 3485 518 3560 dico,
549 3491 585 3544 ut
616 3484 714 3545 otium
738 3484 888 3564 patiatur,
911 3482 967 3545 sed
992 3491 1026 3545 ut
1049 3482 1151 3564 eligat,
1198 3492 1318 3564 negant
1339 3485 1443 3547 nostri

169 3601 194 3641 ³⁰
209 3592 384 3675 sapientem
423 3592 465 3653 ad
503 3589 676 3672 quamlibet
706 3589 935 3671 rempublicam
966 3609 1182 3665 accessurum;
1225 3590 1302 3670 quid
1333 3598 1442 3652 autem

215 3839 228 3891 1
256 3841 347 3895 Zenon.
373 3840 447 3888 dubie
467 3838 506 3905 (e'n
526 3836 650 3908 margine
667 3853 701 3891 m.
723 3839 736 3888 l
757 3835 867 3890 addidit
884 3838 944 3904 non)
1033 3837 1095 3891 2τέ
1114 3841 1163 3893 P'
1231 3836 1248 3888 4
1274 3853 1305 3887 ea
1323 3837 1440 3903 dignitas,

210 3945 273 3993 quae
286 3925 363 3981 Koch
384 3928 503 3995 (dignitas
521 3944 558 3988 ea,
578 3943 641 3992 quae
658 3924 768 3996 unhul:
790 3942 819 3976 ea
838 3928 945 3991 dignitas
963 3942 1040 3991 eaque
1129 3924 1144 3978 5
1163 3926 1230 3975 idem
1320 3924 1355 3978 10
1373 3927 1442 3991 queri

310 4016 344 4070 12
363 4033 394 4066 an
413 4016 476 4066 haec
496 4013 565 4068 dett:
588 4017 613 4064 in
631 4017 678 4080 h9c
788 4013 821 4067 18
848 4016 983 4066 accessio.“
1008 4016 1039 4064 sit
1057 4031 1116 4064 sane
1138 4010 1221 4068 Gertz
1247 4016 1357 4065 accessio
1382 4016 1441 4066 sit.“

212 4107 277 4157 Sane
295 4103 378 4175 nudo
486 4103 520 4157 22
544 4104 637 4168 quodni
660 4104 686 4152 in
706 4110 761 4154 actu
781 4109 816 4154 est
835 4101 895 4158 cod.
914 4104 999 4169 quidni
1019 4101 1053 4169 [in
1072 4109 1128 4153 actu
1147 4103 1208 4168 est]?
1235 4101 1330 4157 Haase
1354 4105 1441 4169 quidni

211 4196 235 4244 in
260 4203 314 4246 actu
340 4197 390 4245 sir?
416 4191 555 4258 Murena,
581 4190 632 4245 sed
655 4190 704 4245 dle
728 4192 781 4245 trie
808 4190 894 4247 nerle
919 4191 989 4246 male
1006 4191 1121 4262 repetita
1139 4205 1200 4245 esee
1217 4196 1335 4262 apparet

217 4284 250 4337 23
277 4302 332 4341 cum
351 4288 404 4350 ipse
421 4298 492 4337 unus
510 4281 590 4336 deta:
621 4298 695 4346 quarn
714 4283 766 4347 ipse
873 4279 907 4335 26
931 4283 978 4331 hec
1085 4277 1120 4332 28
1144 4281 1193 4330 huc
1217 4278 1330 4335 induxit
1347 4279 1441 4335 Haase

128 4433 133 4450 ι
212 4372 361 4426 secundnm
389 4369 509 4426 Senecae
535 4369 756 4425 consuetudinem
847 4369 881 4423 29
905 4378 996 4436 negant
1020 4371 1091 4438 (gant
1114 4369 1141 4422 in
1160 4383 1230 4438 rna,
1255 4368 1355 4424 der‘nde
1371 4369 1441 4424 ratis

212 4478 312 4532 neaqnn
330 4461 438 4528 lacerta)
1253 4462 1260 4471 '
1355 4449 1358 4456 ¹
