3046 5092
356 331 581 373 CONTVMELIAM
601 330 751 371 ACCIPERE
772 331 952 373 SAPIENTEM.
969 331 995 374 V.
1013 332 1051 375 VI.
1276 338 1314 398 21

10 494 183 548 scasas
206 481 366 551 indurata,
392 487 426 539 ut
449 498 488 537 ne
512 475 648 537 inclinari
671 477 816 557 quidem,
847 478 965 538 nedum
995 477 1074 538 uinci
1098 477 1206 558 possit.
1262 479 1338 544 ad-v
1391 458 1397 466 ’

50 607 201 653 uersus
233 587 404 667 adparatus
435 583 618 645 terribilium
650 580 752 644 rectos
784 582 893 645 oculos
916 591 1019 656 tenet,
1051 581 1125 644 nihil
1155 605 1198 645 ex
1230 583 1318 646 uoltu

51 701 202 766 mutat,
227 693 293 754 siue
315 691 356 753 illi
382 693 460 752 dura
482 691 548 751 siue
572 691 710 751 secunda
733 698 939 752 ostentantur.
979 690 1084 770 itaque
1108 689 1181 751 nihil
1205 693 1318 772 perdet

51 786 180 886 quod
210 798 311 880 perire
342 818 489 859 sensurus
520 797 567 857 sit.
614 796 702 857 unius
725 797 808 858 enim
840 797 870 856 in
894 795 1092 878 possessione
1116 797 1236 858 uirtutis
1260 806 1316 872 est,

52 930 120 972 ex
165 926 228 986 qua
260 903 373 986 depelli
404 923 576 984 numquam
607 912 722 984 potest.
769 903 881 964 ceteris
922 902 1062 985 precario
1094 904 1207 965 utitur:
1248 905 1342 985 quise

55 1022 197 1078 autem
229 1012 349 1073 iactura
380 1019 526 1072 mouetur
556 1009 666 1071 alieni?
698 1009 811 1096 quodsi
835 1010 942 1071 iniuria
965 1008 1038 1071 nihil
1061 1009 1186 1097 laedere
1210 1019 1316 1092 potest

56 1142 124 1184 ex
158 1117 205 1179 his
229 1138 311 1198 quae
334 1104 462 1199 propria
485 1118 633 1197 sapientis
656 1110 753 1192 sunt,
777 1116 850 1196 quia
881 1115 994 1177 uirtute
1017 1115 1103 1178 salua
1126 1115 1213 1178 salua
1235 1126 1315 1190 sunt,
1351 1184 1356 1201 ⁸

20 1225 198 1290 einiuria
229 1225 362 1304 sapienti
392 1245 456 1284 non
479 1231 586 1304 potest
609 1222 683 1285 fieri.
731 1223 863 1303 Megara
885 1222 1067 1284 Demetrius
1094 1232 1236 1304 ceperat,
1268 1224 1314 1285 cui

56 1351 271 1412 cognomen
300 1315 493 1394 Poliorcetes
524 1329 588 1392 suit.
633 1330 674 1391 ab
705 1329 768 1392 hoc
791 1328 916 1392 Stilbon
947 1328 1153 1412 philosophus
1184 1333 1314 1392 interro·

56 1447 194 1522 gatus,
219 1458 295 1500 num
320 1438 435 1518 aliquid
458 1437 662 1519 perdidisset,
694 1435 782 1511 nihil,
806 1437 917 1516 inquit,
964 1439 1070 1498 omnia
1094 1457 1166 1497 mea
1189 1457 1313 1498 mecum
1330 1448 1354 1489 ¹0
1436 1443 1446 1463 '

56 1553 172 1608 sunt.
217 1545 303 1625 atqui
331 1554 363 1605 et
401 1543 624 1625 patrimonium
663 1543 728 1604 eius
764 1543 793 1603 in
825 1544 976 1623 praedam
1009 1552 1144 1604 cesserat
1175 1552 1207 1603 et
1238 1542 1314 1605 filias

57 1660 236 1733 rapuerat
260 1650 360 1712 hostis
384 1658 415 1711 et
439 1650 540 1732 patria
563 1649 593 1709 in
616 1648 748 1711 alienam
774 1649 929 1710 dicionem
946 1658 1133 1730 peruenerat
1156 1658 1188 1712 et
1212 1651 1313 1731 ipsum

58 1778 153 1820 rex
174 1756 374 1819 circumfusus
391 1757 517 1818 uictoris
533 1756 690 1818 exercitus
706 1757 799 1817 armis
824 1777 865 1817 ex
882 1757 1041 1837 superiore
1056 1755 1127 1818 loco
1145 1756 1313 1834 rogitabat.

26 1884 40 1935 ῖ
61 1871 104 1925 at
150 1861 194 1924 ille
211 1863 373 1924 uictoriam
398 1862 438 1923 illi
454 1862 594 1923 excussit
617 1871 649 1923 et
671 1883 705 1922 se
727 1859 804 1923 urbe
821 1870 922 1943 ‘capta
945 1883 1009 1922 non
1025 1862 1173 1924 inuictum
1189 1871 1313 1924 tantum

64 1969 154 2030 sed
173 1970 353 2031 indemnem
378 1990 446 2031 esse
470 1977 603 2031 testatus
626 1976 682 2030 est.
722 1966 862 2030 habebat
885 1969 968 2029 enim
990 1989 1064 2029 uera
1086 1990 1193 2031 secum
1218 1970 1312 2044 bona,
1329 1991 1353 2030 rs

65 2076 101 2135 in
145 2095 223 2156 quae
247 2096 311 2136 non
336 2084 384 2137 est
408 2096 517 2137 manus
541 2074 672 2136 iniectio.
696 2083 741 2135 at
764 2095 845 2154 quae
862 2075 1011 2156 dissipata
1034 2084 1065 2135 et
1089 2076 1212 2158 direpta
1234 2075 1311 2137 sere-

68 2180 218 2256 bantur,
257 2202 321 2243 non
353 2181 511 2242 iudicabat
541 2202 614 2255 sua,
653 2182 710 2242 sed
742 2181 919 2242 aduenticia
951 2191 983 2242 et
1020 2191 1131 2243 nutum
1170 2181 1313 2244 fortunae

73 2289 258 2366 sequentia.
305 2289 378 2349 ideo
409 2296 530 2349 utnon
561 2288 689 2368 propria
712 2286 872 2349 dilexerat.
921 2288 1062 2349 omnium
1086 2288 1170 2350 enim
1195 2291 1311 2350 extrin-

77 2411 181 2456 secus
203 2394 407 2456 adfluentium
431 2393 549 2456 lubrica
573 2402 604 2456 et
628 2394 747 2456 incerta
769 2394 927 2475 possessio
952 2403 1008 2456 est.

49 2515 61 2564 t
180 2501 231 2562 Vl.
256 2500 372 2581 Cogita
402 2520 499 2574 nunc,
536 2521 575 2562 an
607 2500 678 2562 huic
708 2499 756 2561 fur
786 2509 840 2561 aut
871 2499 1078 2562 calumniator
1109 2511 1163 2563 aut
1195 2502 1311 2564 uicinus
1325 2523 1351 2564 2⁰

80 2602 233 2683 inpotens
256 2616 311 2669 aut
334 2606 421 2668 diues
445 2605 554 2687 aliquis
578 2627 710 2687 regnum
734 2606 833 2668 orbae
849 2608 1018 2669 senectutis
1035 2612 1186 2669 exercens
1210 2608 1311 2671 lacere

81 2708 227 2775 iniuriam
251 2714 359 2800 possit,
383 2714 432 2774 cui
454 2712 572 2774 bellum
596 2724 628 2776 et
651 2712 749 2775 hostis
777 2713 827 2775 ille
851 2715 1012 2795 egregiam
1037 2723 1136 2776 artem
1160 2736 1309 2795 quassan-

54 2814 202 2881 adarim
225 2820 349 2882 urbium
372 2820 532 2902 professus
563 2821 682 2901 eripere
710 2819 784 2882 nihil
807 2822 918 2902 potuit.
965 2822 1044 2882 inter
1068 2822 1219 2883 micantes
1242 2822 1308 2887 ubiz

84 2940 158 2998 que
176 2926 296 3006 gladios
328 2935 360 2988 et
383 2925 548 2988 militarem
580 2927 610 2988 in
639 2927 747 3008 rapina
777 2926 960 3002 tumultum,
992 2928 1072 2988 inter
1103 2927 1247 2989 flammas
1279 2938 1311 2991 et
1401 2958 1408 2972 ·

87 3035 270 3110 sanguinem
294 3042 497 3124 stragemque
513 3032 653 3114 inpulsae
677 3034 817 3108 ciuitatis,
841 3035 921 3095 inter
940 3033 1099 3112 fragorem
1115 3033 1308 3115 templorum
1323 3057 1349 3096 25

89 3151 184 3214 super
212 3141 290 3202 deos
321 3160 395 3200 suos
419 3140 599 3203 cadentium
623 3141 674 3201 uni
698 3139 817 3202 homini
839 3160 905 3221 pax
929 3138 993 3202 luit.
1037 3160 1101 3201 non
1125 3150 1173 3201 est
1195 3141 1310 3221 itaque,

92 3245 178 3314 quod
199 3247 301 3308 audax
323 3245 439 3307 iudices
462 3247 669 3328 promissum,
701 3247 786 3308 cuius
810 3247 881 3321 tibi,
914 3247 939 3308 si
962 3267 1074 3328 parum
1097 3246 1170 3308 fidei
1201 3247 1309 3323 habes,

94 3342 272 3422 'sponsorem
289 3353 384 3414 dabo.
417 3353 471 3414 uix
488 3354 571 3414 enim
588 3354 756 3415 credideris
773 3362 896 3417 tantum
917 3352 1071 3416 firmitatis
1094 3353 1125 3414 in
1148 3352 1310 3416 hominem

99 3457 296 3477 '‘X-fl

862 3476 934 3508 sera

102 3517 114 3567 ’Ῑ
131 3520 231 3579 indurata
250 3527 415 3606 Pincianus:
436 3530 532 3578 indurat
623 3530 639 3581 2
658 3530 722 3578 uultu
813 3476 923 3581 ssleida
943 3530 988 3596 (m
1001 3529 1220 3599 recasuperscr.)

127 3638 133 3678 ¹
314 3612 367 3700 aria

104 3693 195 3758 sstdere
288 3706 370 3771 ique
389 3709 432 3768 (m.
449 3721 495 3774 pr.
515 3706 665 3774 superscr.)
782 3707 850 3756 salua
874 3707 942 3755 salua
967 3703 1057 3771 Koch,
1082 3725 1125 3756 sua
1148 3707 1216 3756 salua
1241 3706 1310 3754 salua

75 3835 81 3852 ,
105 3778 207 3852 lipsius:
226 3813 270 3845 sua
288 3796 357 3844 salua
447 3793 463 3846 8
483 3796 586 3858 Megara
604 3792 768 3847 Pincianus:
790 3797 919 3861 Megaram
1010 3795 1097 3861 9poli
1115 3797 1225 3846 hercetes

110 3870 133 3922 10
151 3867 361 3934 oniaffiamecum
388 3884 536 3952 (superscr.
555 3899 590 3939 m.
603 3883 663 3953 pr.)
767 3884 800 3936 12
820 3885 943 3940 dicionem
963 3881 1059 3954 uulqo':
1079 3886 1220 3934 edicionem

110 3957 133 4011 13
153 3969 241 4022 uictoris
267 3972 345 4039 (uicto
370 3971 398 4024 in
416 3972 484 4038 ras.)
586 3972 617 4024 lb
637 3979 708 4036 atque
734 3973 752 4035 (t
771 3987 809 4027 ex
828 3974 844 4021 d
864 3972 947 4039 corr.)
1047 3972 1079 4026 18
1098 3975 1221 4023 delexerat

79 4098 134 4152 'll
149 4109 262 4165 affluentiis
346 4058 521 4179 leirhupldldhli
540 4114 584 4180 (m.
603 4129 656 4168 reo.
675 4114 826 4182 superscr.)
911 4115 945 4167 22
964 4121 988 4166 et
1007 4116 1084 4164 hostis
1104 4115 1144 4163 ille
1164 4112 1264 4181 Nem:
1285 4121 1309 4162 et

108 4189 168 4245 hostis
183 4208 204 4250 et
221 4204 262 4253 ille
352 4203 386 4254 26
406 4219 462 4251 suos
480 4200 560 4255 habet
578 4200 637 4255 cod.
658 4200 734 4272 quod
751 4218 811 4255 cum
831 4200 991 4256 detrimento
1010 4201 1157 4256 sententiae
1176 4201 1307 4254 omittitur

861 4288 913 4329 fidei
928 4289 1036 4329 iussorem
1073 4286 1081 4301 ⁰

110 4342 256 4396 aroanallis
328 4344 361 4396 2?
381 4345 459 4393 habes
478 4342 640 4398 Pincianus:
662 4346 744 4394 habeo
818 4345 851 4397 2&
870 4361 1012 4409 sponsorem
1034 4346 1077 4410 (m.
1092 4349 1145 4398 r'ec.
1158 4343 1306 4412 cupersan)

177 4434 304 4483 credideris
322 4430 399 4486 Koch
418 4431 498 4498 (conl.
513 4432 603 4487 deira
622 4437 646 4497 2,
661 4436 703 4496 ³6,
719 4434 762 4500 3):
783 4434 864 4482 credis
955 4433 1057 4482 homine
