3046 5092
466 322 545 366 oruc.
560 323 586 366 v.
616 324 656 364 oa
671 322 722 364 raa
737 323 792 367 uu.
808 324 848 368 111.
876 327 910 368 it.
925 326 960 369 aa
1264 331 1325 393 107

59 478 75 528 1
189 468 312 533 XXIV.
344 469 438 531 Dicat
461 471 566 550 itaque
588 469 646 535 sibi
670 471 816 552 quisque,
844 471 990 552 quotiens
1012 470 1199 545 lacessetur,
1238 491 1326 533 num-

102 575 176 657 quid
208 578 371 657 potentior
401 597 471 639 sum
495 577 659 658 Philippo?
698 577 740 639 illi
768 587 875 640 tamen
898 577 1014 658 inpune
1042 577 1246 640 maledictum
1271 587 1347 641 est..

101 684 255 766 numquid
284 687 316 745 in
347 686 447 747 domo
479 704 551 746 mea
580 683 650 766 plus
681 705 812 765 possum
844 705 940 766 quam
972 693 1042 747 toto
1074 680 1328 745 orbe'terrarum

65 817 69 825 ·
101 790 191 852 diuus
215 789 380 872 Augustus
411 791 533 871 potuit?
573 791 623 853 ille
653 800 762 854 tamen
793 800 962 854 contentus
994 790 1050 853 fuit
1077 811 1096 852 a
1119 791 1329 852 conuiciatore

70 889 172 958 tsuo'
183 897 340 960 secedere.
386 900 462 978 quid
486 905 534 960 est
557 917 653 979 quare
677 918 739 979 ego
763 898 844 960 serui
868 898 930 960 mei
954 896 1064 960 clarius
1087 917 1273 981 responsum
1297 906 1355 958 eti

101 1005 372 1066 contumaciorem
403 1004 526 1068 uoltum
557 1014 589 1067 et
619 1024 685 1067 non
715 1004 952 1095 peruenientem
983 1025 1082 1086 usque
1105 1005 1147 1066 ad
1170 1024 1222 1065 me
1246 1024 1328 1065 mur-

101 1099 311 1176 murationem
350 1110 481 1192 flagellis
519 1121 552 1173 et
589 1111 787 1192 conpedibus
816 1107 968 1192 expiem?
1020 1113 1089 1193 quis
1121 1132 1207 1185 sum,
1246 1110 1331 1172 cuius

101 1237 192 1278 aures
215 1217 298 1279 laedi
320 1216 408 1280 nesas
431 1219 491 1280 sit?
529 1219 719 1299 ignouerunt
742 1218 830 1281 multi
853 1218 1014 1281 hostibus:
1049 1238 1111 1299 ego
1135 1238 1200 1279 non
1223 1218 1328 1298 ignos-

72 1333 171 1386 3cam
188 1324 294 1405 pigris,
318 1324 568 1406 neglegentibus,
585 1325 737 1406 garrulis?
769 1346 903 1407 puerum
919 1335 1007 1388 aetas
1024 1335 1164 1400 excuset,
1181 1323 1330 1385 seminam
1372 1384 1376 1391 ,

11 1448 18 1460 ·
99 1451 206 1506 sexus,
231 1441 417 1496 extraneum
442 1431 579 1508 libertas,
604 1434 818 1495 domesticum
842 1430 1042 1495 familiaritas.
1087 1450 1171 1492 nunc
1193 1432 1330 1512 primum
1348 1448 1370 1487 ιο

101 1539 249 1600 offendit:
291 1542 468 1620 cogitemus
498 1542 649 1620 quamdiu
681 1540 841 1621 placuerit.
887 1559 984 1620 saepe
1014 1547 1046 1600 et
1077 1537 1152 1600 alias
1176 1538 1327 1600 offendit:

91 1636 239 1707 ieramus
262 1647 349 1735 quod
374 1646 426 1708 diu
442 1646 578 1708 tulimus.
609 1649 728 1708 amicus
745 1656 812 1709 est:
838 1645 912 1708 fecit
927 1645 1015 1727 quod
1031 1645 1137 1708 noluit.
1168 1646 1327 1717 inimicus:

70 1750 174 1814 liecit
205 1753 294 1833 quod
326 1750 443 1814 debuit.
498 1753 693 1834 prudentiori
726 1753 911 1815 credamus:
960 1751 1094 1814 stultiori
1124 1754 1330 1813 remittamus.

100 1879 159 1939 pro
192 1878 395 1939 quocumque
418 1858 494 1920 illud
517 1858 609 1921 nobis
632 1860 900 1940 respondeamus,
931 1859 1179 1943 sapientissimos
1203 1878 1331 1939 quoque

101 1944 195 2027 uiros·
219 1965 319 2027 multa
341 1965 535 2047 delinquere,
565 1969 724 2028 neminem
749 1987 818 2028 esse
841 1975 908 2028 tam
932 1967 1212 2046 circumspectum,
1244 1968 1330 2027 cuius
1348 1983 1369 2022 u

101 2092 165 2135 non
190 2070 353 2153 diligentia
376 2073 545 2155 aliquando
568 2072 627 2135 sibi
651 2077 719 2153 ipsa
742 2074 878 2148 excidat,
902 2075 1061 2135 neminem
1076 2082 1144 2134 tam
1162 2082 1329 2147 maturum,

102 2182 187 2242 cuius
218 2199 283 2240 non
314 2182 503 2261 grauitatem
533 2183 564 2241 in
588 2179 716 2260 aliquod
744 2179 892 2243 feruidius
916 2178 1034 2242 factum
1063 2199 1153 2242 casus
1177 2179 1329 2259 inpingat,

102 2289 263 2349 neminem
294 2295 361 2349 tam
392 2289 539 2349 timidum
571 2287 777 2362 offensarum,
808 2291 861 2368 qui
889 2307 953 2349 non
978 2289 1009 2348 in
1031 2285 1112 2361 illas,
1145 2285 1220 2347 dum
1245 2288 1332 2359 uitat,

102 2394 228 2456 incidat.
594 2401 596 2405 “

76 2515 85 2565 l
191 2499 297 2562 XXV.
329 2500 507 2581 Quomodo
531 2501 652 2563 homini
676 2500 789 2582 pusillo
813 2500 966 2564 solacium
990 2503 1021 2562 in
1042 2498 1132 2562 malis
1148 2498 1213 2573 fuit,
1236 2501 1332 2560 etiam
1348 2514 1372 2554 u

104 2624 292 2688 magnorum
316 2610 453 2670 uirorum
477 2609 615 2671 titubare
639 2608 806 2682 sortunam,
831 2616 864 2670 et
887 2609 1035 2688 aequiore
1058 2609 1173 2668 animo
1188 2604 1285 2666 filium
1302 2607 1333 2667 in

105 2713 236 2795 angulo.
250 2713 351 2789 fleuit,
382 2717 434 2797 qui
466 2716 545 2778 uidit
577 2715 693 2777 acerba
724 2714 832 2777 funera
863 2717 959 2777 etiam
991 2734 1033 2775 ex
1057 2715 1144 2794 regia
1166 2713 1254 2774 duci:
1289 2713 1334 2773 sic

79 2832 81 2834 ’
105 2822 208 2882 animo
232 2823 382 2902 aequiore
405 2820 465 2885 fert
488 2821 530 2884 ab
553 2821 658 2903 aliquo
682 2820 778 2897 laedi,
809 2819 850 2882 ab
874 2820 979 2902 aliquo
1003 2821 1172 2893 contemni,
1196 2821 1332 2881 cuicum-

105 2947 163 3008 que
186 2930 273 2990 uenit
296 2931 327 2991 in
351 2939 493 2992 mentem
516 2928 634 2992 nullam
659 2950 728 2991 esse
751 2938 873 2992 tantam
898 2929 1085 3008 potentiam,
1108 2929 1140 2988 in
1156 2944 1252 3006 quam
1268 2945 1333 2987 non

77 3035 240 3097 lincurrat
270 3036 386 3100 iniuria.
432 3039 521 3118 quod
551 3039 577 3098 si
600 3039 697 3100 etiam
721 3036 956 3117 prudentissimi
978 3043 1126 3116 peccant,
1157 3034 1243 3094 cuius
1267 3051 1331 3119 non
1347 3049 1372 3088 as

100 3161 189 3204 error
227 3142 349 3205 bonam
389 3163 516 3206 causam
547 3133 666 3206 habet?
706 3139 908 3224 respiciamus
939 3143 1086 3223 quotiens
1118 3138 1334 3202 adulescentia

97 3258 212 3312 nostra
234 3252 266 3311 in
290 3249 395 3312 officio
419 3271 531 3332 parum
555 3250 688 3332 diligens
711 3250 812 3325 fuerit,
834 3253 865 3312 in
881 3269 1030 3312 sermone
1046 3267 1158 3329 parum
1175 3245 1333 3319 modesta,

94 3355 131 3418 in
154 3359 230 3419 uino
255 3377 367 3437 parum
392 3366 581 3438 temperans.
628 3361 654 3421 si
677 3361 773 3421 iratus
797 3367 860 3433 est,
891 3334 1004 3419 demus
1028 3354 1070 3418 illi
1093 3357 1245 3437 spatium,
1269 3372 1333 3434 quo

32 3496 34 3499 ·
91 3466 259 3545 dispicere
290 3465 365 3544 quid
389 3463 498 3527 fecerit
521 3467 640 3546 possit:
682 3467 751 3549 ipse
774 3485 809 3525 se
832 3464 1011 3545 castigabit.
1057 3463 1193 3544 denique
1217 3459 1335 3522 debeat

34 3566 54 3618 3
91 3590 245 3652 poenas:
279 3591 344 3633 non
368 3580 416 3633 est
440 3573 528 3653 quod
553 3592 624 3634 cum
647 3570 706 3633 illo
724 3574 813 3651 paria
836 3571 996 3633 iaciamus.
1041 3569 1118 3632 illud
1142 3588 1206 3630 non
1230 3568 1334 3630 ueniet
1348 3583 1374 3622 ³0

59 3663 132 3740 Ὶη
163 3677 313 3753 dubium,
348 3678 424 3759 quin
454 3698 489 3739 se
521 3680 677 3740 exemerit
707 3678 819 3740 turbae
851 3687 885 3739 et
916 3675 1008 3742 altius
1039 3678 1165 3739 steterit
1195 3675 1333 3756 quisquis

94 3785 255 3866 despexit
277 3784 477 3847 lacessentis:
519 3787 682 3866 proprium
707 3794 755 3847 est
779 3773 1003 3865 magnitudinis
1027 3803 1122 3845 uerae
1137 3803 1202 3845 non
1217 3783 1335 3844 sentire

94 3912 138 3953 se
160 3912 354 3974 percussum.
400 3895 445 3955 sic
467 3894 604 3954 inmanis
627 3891 695 3953 sera
718 3891 758 3954 ad
782 3890 931 3953 latratum
952 3910 1066 3953 canum
1082 3889 1169 3952 lenta
1184 3888 1333 3967 respexit.

109 4160 121 4212 1
140 4161 266 4210 lacessitur
286 4159 305 4225 (i
324 4160 405 4224 corr„
422 4156 479 4225 suit
497 4159 520 4221 e)
629 4158 746 4223 numquid
766 4158 793 4222 (d
812 4173 851 4210 ex
869 4162 878 4206 t
897 4159 980 4221 corr.)
1093 4155 1110 4207 2
1129 4156 1227 4219 impune

157 4243 171 4270 u

21 4313 24 4318 v
110 4285 233 4350 bupltum
337 4283 537 4347 7compedibus
646 4281 679 4334 14
699 4239 802 4346 pdllinq
918 4281 978 4330 illud
997 4278 1024 4347 (d
1042 4292 1080 4330 ex
1099 4288 1108 4326 t
1126 4277 1209 4342 corr.)

111 4372 140 4425 15
157 4370 298 4442 delig'rquere
376 4369 410 4424 18
430 4375 480 4422 ta*
576 4368 610 4421 25
630 4371 736 4420 incurrat
755 4369 851 4440 Neap.:
874 4373 986 4419 occurrat
1081 4365 1116 4420 30
1135 4367 1195 4415 illud
1214 4365 1242 4432 (d
1261 4379 1333 4418 corr.

111 4476 144 4514 erc
161 4462 179 4530 t)
288 4461 321 4515 31
342 4463 472 4512 exsemerit
581 4458 615 4513 33
634 4476 660 4510 se
678 4474 818 4525 percussum
841 4455 895 4510 Εἰς
916 4471 1059 4522 sepcustum
