3046 5092
246 350 310 411 25ss
428 342 507 386 DlAL.
518 342 557 385 xi.
586 342 628 382 AD
643 341 779 382 HELVIAM
795 340 925 381 MATREM
941 340 980 380 DE
993 339 1235 384 CONSOLATIONE.
1264 344 1285 384 9.

245 487 405 569 Mytilenis
437 485 619 549 exulantem
644 495 676 549 et
703 495 856 567 quantum
880 488 980 548 modo
1003 495 1115 548 natura
1138 485 1275 549 hominis
1299 495 1471 569 pateretur,

244 596 425 657 beatissime
456 595 615 656 uiuentem
646 613 748 674 neque
779 613 929 674 umquam
958 593 1152 674 cupidiorem
1176 593 1332 655 bonarum
1356 595 1471 656 artium

244 722 340 783 quam
363 701 415 764 illo
439 709 593 782 tempore.
641 701 746 780 itaque
769 700 881 761 adicit:
917 699 1022 760 uisum
1037 698 1101 760 sibi
1113 719 1147 759 se
1162 699 1271 780 magis
1286 700 1320 761 in
1335 700 1471 761 exilium

244 809 309 885 ire,
343 808 399 888 qui
427 807 495 867 sine
519 806 574 868 illo
599 805 761 866 rediturus
783 814 879 881 esset,
912 825 1009 885 quam
1033 805 1125 866 illum
1148 805 1181 867 in
1205 806 1302 868 exilio
1325 806 1473 884 relinqui.

218 935 265 977 ao
288 914 529 976 fortunatiorem
553 911 737 974 Marcellum
762 930 805 974 eo
824 920 983 994 tempore,
1014 933 1079 993 quo
1103 912 1231 974 exilium
1254 934 1346 975 suum
1372 913 1478 975 Bruto

245 1021 450 1103 adprobauit,
482 1040 577 1100 quam
608 1040 672 1101 quo
703 1018 891 1100 reipublicae
922 1020 1139 1081 consulatum!
1180 1028 1316 1100 quantus
1347 1019 1400 1091 ille.
1428 1021 1495 1082 uir.-

245 1128 317 1203 fuit,
347 1130 400 1210 qui
432 1126 551 1201 effecit,
583 1135 617 1188 ut
648 1126 756 1207 aliquis
788 1124 863 1188 exul
893 1125 951 1187 sibi
982 1127 1156 1200 uideretur,
1187 1127 1274 1206 quod
1305 1127 1349 1189 ab
1378 1126 1484 1189 exule

246 1236 427 1296 recederet?
473 1244 608 1315 quantus
647 1234 694 1294 uir
730 1232 801 1307 luit,
840 1233 892 1314 qui
922 1233 953 1293 in
984 1233 1225 1294 admirationem
1256 1234 1304 1294 sui
1335 1234 1482 1296 adduxit

245 1341 407 1403 hominem
431 1342 526 1403 etiam
552 1339 666 1402 Catoni
688 1360 746 1401 suo
770 1339 969 1402 mirandum?
1007 1339 1091 1401 idem
1109 1339 1224 1401 Brutus
1244 1338 1307 1401 ait:
1335 1337 1371 1400 C.
1394 1338 1472 1418 Cae·
1491 1358 1517 1411 5

135 1474 138 1482 ·
208 1466 231 1506 n
245 1468 352 1508 sarem
363 1447 538 1528 Mytilenas
547 1456 812 1526 praeteruectum,
830 1445 907 1526 quia
923 1465 984 1506 non
999 1445 1170 1507 sustineret
1183 1444 1292 1506 uidere
1307 1429 1469 1525 difforma-

246 1564 312 1615 tum
341 1553 456 1614 uirum.
502 1554 543 1614 illi
566 1554 694 1634 quidem
718 1554 853 1615 reditum
877 1554 1044 1635 inpetrauit
1067 1562 1194 1614 senatus
1217 1551 1349 1636 publicis
1372 1554 1467 1634 preci·

245 1661 304 1722 bus
336 1671 402 1723 tam
433 1659 582 1722 sollicitus
612 1679 649 1721 ac
680 1669 835 1734 maestus,
866 1669 900 1721 ut
931 1679 1043 1721 omnes
1073 1659 1126 1721 illo
1157 1661 1209 1722 die
1233 1659 1321 1720 Bruti
1354 1659 1467 1721 habere

245 1769 384 1829 animum
416 1768 596 1829 uiderentur
626 1776 658 1828 et
689 1787 752 1827 non
784 1786 842 1846 pro
873 1765 1040 1840 Marce110,
1072 1767 1130 1828 sed
1156 1786 1276 1847 prose
1300 1766 1467 1848 deprecari,

56 1907 59 1916 ·
143 1912 145 1916 s
245 1895 285 1936 ne
309 1874 419 1936 exules
442 1882 563 1950 essent,
587 1876 612 1936 si
636 1875 702 1935 sine
725 1872 777 1934 illo
801 1872 947 1935 luissent:
982 1874 1040 1934 sed
1063 1872 1132 1954 plus
1157 1871 1257 1935 multo
1281 1883 1467 1935 consecutus

208 1998 231 2037 ¹5
246 1992 310 2056 est,
341 2002 405 2061 quo
438 1981 488 2043 die
516 1981 602 2042 illum
631 1979 758 2042 exulem
782 1981 895 2041 Brutus
919 1978 1093 2061 relinquere
1116 2001 1180 2041 non
1202 1981 1322 2062 potuit,
1354 1978 1467 2042 Caesar

246 2088 362 2149 uidere.
423 2088 555 2167 contigit
593 2088 675 2149 enim
714 2086 754 2148 illi
793 2087 1006 2168 testimonium
1039 2089 1216 2166 utriusque:
1259 2087 1375 2148 Brutus
1406 2087 1469 2148 sine

217 2224 222 2229 ·
246 2193 397 2257 Marcello
421 2194 533 2255 reuerti
556 2213 591 2254 se
614 2193 730 2268 doluit,
755 2191 871 2255 Caesar
894 2193 1024 2258 erubuit.
1071 2214 1146 2254 num
1172 2194 1314 2268 dubitas,
1338 2194 1414 2275 quin
1437 2205 1497 2258 sel

246 2301 296 2362 ille
320 2299 487 2362 Marcellus
518 2307 624 2361 tantus
655 2300 701 2360 uir
731 2300 774 2361 sic
797 2301 837 2361 ad
861 2299 1060 2362 tolerandum
1084 2320 1187 2381 aequo
1210 2302 1318 2362 animo
1342 2299 1468 2362 exilium

246 2427 341 2490 saepe
370 2407 556 2470 adhortatus
588 2407 647 2468 sit?
685 2407 774 2486 quod
804 2407 904 2486 patn'a
931 2427 1034 2481 cares,
1065 2416 1200 2469 nonest
1224 2408 1384 2469 miserum.
1429 2407 1470 2468 ita

195 2491 232 2569 'n
247 2522 279 2575 te
302 2513 470 2596 disciplinis
492 2513 626 2588 inbuisti,
650 2523 684 2574 ut
706 2513 801 2574 scires
824 2533 953 2574 omnem
976 2511 1082 2575 locum
1105 2514 1236 2596 sapienti
1252 2515 1319 2576 uiro
1335 2514 1469 2596 patriam

248 2641 324 2684 esse.
371 2620 446 2699 quid
469 2623 586 2702 porro?
625 2618 682 2691 hic,
706 2620 759 2700 qui
781 2628 815 2681 te
838 2618 967 2700 expulit,
990 2640 1054 2681 non
1076 2621 1145 2701 ipse
1164 2641 1221 2703 per
1240 2641 1342 2683 annos
1357 2620 1470 2682 decem

248 2728 412 2788 continuos
435 2727 536 2808 patria
559 2727 674 2788 caruit?
707 2726 904 2806 propagandi
926 2726 992 2787 sine
1014 2726 1113 2789 dubio
1135 2729 1245 2809 imperi
1265 2747 1379 2789 causa:
1413 2729 1471 2789 sed

247 2853 361 2915 nempe
393 2834 498 2895 caruit.
544 2852 627 2893 nunc
659 2852 733 2893 ecce
763 2830 857 2892 trahit
888 2830 973 2893 illum
1004 2834 1046 2894 ad
1077 2854 1111 2894 se
1139 2832 1248 2896 Africa
1278 2835 1504 2914 resurgentiss

247 2939 319 3000 belli
344 2940 434 3000 minis
457 2937 567 3020 plena,
594 2937 688 2998 trahit
712 2936 878 3017 Hispania,
902 2957 983 3017 quae
1007 2937 1120 2999 fractas
1143 2948 1175 3000 et
1197 2938 1342 3000 adflictas
1365 2949 1473 3021 partes

208 3063 234 3102 n
249 3045 386 3120 refouet‚
409 3044 504 3107 trahit
529 3045 699 3127 Aegyptus
721 3042 829 3118 infida,
853 3051 939 3104 totus
962 3043 1096 3125 denique
1119 3045 1212 3119 orbiS,
1235 3046 1290 3126 qui
1313 3048 1355 3107 ad
1380 3066 1472 3108 occa-

248 3153 370 3213 sionem
401 3154 543 3213 concussi
574 3151 694 3232 imperii
724 3151 861 3211 intentus
892 3159 947 3210 est.
993 3152 1041 3211 cui
1072 3151 1206 3231 primum
1238 3152 1282 3213 rei
1306 3155 1473 3215 occurret?

249 3259 297 3319 cui
328 3259 407 3338 parti
438 3279 472 3318 se
505 3261 668 3340 opponet?
708 3266 782 3337 aget
806 3255 891 3317 illum
915 3275 972 3337 per
994 3277 1106 3318 omnes
1129 3265 1229 3319 terras
1252 3259 1386 3320 uictoria
1409 3280 1474 3323 sua

248 3363 333 3426 illum
358 3365 525 3444 suspiciant
557 3373 589 3425 et
619 3362 724 3425 colant
755 3371 884 3443 gentes:
919 3371 953 3423 tu
984 3364 1054 3424 uiue
1085 3363 1183 3425 Bruto
1216 3365 1366 3427 miratore
1398 3386 1473 3428 con-

249 3479 362 3532 tentus

251 3773 264 3823 1
291 3771 421 3835 mytileniis
446 3769 484 3835 (ln
502 3784 589 3840 marp.
608 3785 643 3823 m.
663 3772 678 3821 3
698 3770 822 3836 mitilenis)
932 3770 947 3822 8
979 3772 1087 3837 §adicit
1112 3769 1206 3840 (prior
1224 3787 1239 3820 a
1256 3770 1284 3824 in
1299 3771 1357 3840 fine
1375 3788 1476 3828 uersus

251 3857 354 3925 deleta,
380 3857 468 3911 altera
492 3858 568 3911 initio
587 3859 722 3927 sequentis
740 3857 846 3925 addila)
937 3859 952 3910 5
978 3877 994 3908 ο
1013 3859 1173 3912 fortunatior&
1195 3861 1222 3924 (o
1240 3857 1352 3913 uidetur
1370 3877 1388 3914 a
1401 3877 1475 3918 corr.

250 3947 355 4012 addila)
446 3946 636 4013 ssapprobauit
655 3948 682 4013 (p
698 3947 778 4017 prior
796 3947 881 4014 corr.)
970 3949 1011 3998 ille
1029 3948 1066 3998 uir'
1084 3947 1145 4003 cod.
1165 3951 1201 3998 uir
1219 3949 1262 4000 illo
1280 3947 1366 4020 unlqo
1406 3993 1409 4000 .

249 4037 265 4090 7
291 4038 344 4087 exul
363 4036 384 4103 (s
403 4042 466 4090 ante
484 4052 499 4085 u
518 4035 610 4104 erasa)
735 4038 802 4102 quod
821 4035 985 4090 deteriores:
1006 4054 1055 4102 quo
1181 4037 1215 4091 10
1242 4039 1365 4089 mitilenus

251 4197 281 4248 11
309 4198 406 4261 precib3
507 4195 541 4249 12
555 4203 654 4247 ‚mestus
746 4194 778 4247 16
803 4133 1052 4265 uideresllllllllr.
1071 4213 1105 4251 m.
1125 4198 1191 4264 rec.)
1282 4197 1317 4252 17
1340 4202 1430 4252 reuerti
1448 4218 1477 4252 se

250 4317 414 4373 deteriores:
435 4323 560 4371 reuertisse
663 4320 695 4372 19
721 4323 753 4369 ad
772 4283 878 4370 hortatus
968 4298 1123 4386 2251mperi'
1213 4321 1248 4376 24
1272 4322 1377 4374 afflictas
1394 4322 1418 4389 (1
1434 4338 1477 4377 0oe

250 4444 267 4492 d
285 4446 368 4510 corr.)
458 4444 492 4497 25
511 4421 614 4512 egyptiis
