3046 5092
235 331 299 393 260
386 314 516 370 ninum.
544 325 587 366 ΑΙ)
602 325 738 367 HELVIAM
753 324 883 367 MATREM
899 325 939 366 DE
953 325 1195 372 CONSOLATIONE.
1225 331 1257 372 11.
1276 331 1305 373 12.

234 483 266 535 et
297 474 459 537 nationum
490 474 631 536 omnium
663 475 802 556 lapides:
836 474 896 535 ista
925 483 1135 554 congerantur
1165 474 1252 551 licet,
1284 491 1459 559 numquam

234 581 409 662 explebunt
439 581 661 664 inexplebilem
693 583 849 656 animum,
880 601 944 643 non
976 582 1077 662 magis
1105 602 1201 663 quam
1224 581 1304 644 ullus
1327 581 1461 646 sufficiet

233 709 326 750 umor
349 690 390 751 ad
413 690 590 750 satiandum
614 709 699 762 eum,
723 689 807 750 cuius
832 687 1021 749 desiderium
1045 709 1109 750 non
1133 710 1174 750 ex
1197 690 1311 770 inopia,
1335 691 1394 752 sed
1418 710 1460 752 ex

233 803 323 856 aestu
346 795 522 857 ardentium
547 795 700 856 uiscerum
724 794 829 856 oritur.
875 814 940 854 non
964 795 1046 874 enim
1070 795 1135 856 sitis
1158 794 1221 870 illa,
1244 797 1303 858 sed
1327 795 1459 858 morbus

195 926 206 962 5
234 909 289 962 est.
343 921 402 962 nec
439 899 500 961 hoc
536 901 566 961 in
596 902 736 982 pecunia¹
758 910 881 963 tantum
913 910 968 962 aut
997 900 1151 964 alimentis
1183 903 1302 965 euenit:
1345 903 1459 964 eadem
1512 938 1521 979 ς

233 1016 345 1069 natura
367 1016 415 1068 est
438 1008 469 1068 in
493 1009 579 1068 omni
603 1008 774 1081 desiderio,
805 1008 892 1088 quod
917 1008 1016 1069 modo
1041 1027 1104 1068 non
1128 1028 1170 1070 ex
1192 1009 1313 1089 inopia,
1338 1009 1394 1071 sed
1419 1029 1459 1071 ex

233 1116 310 1176 uitio
342 1115 485 1175 nascitur.
532 1113 681 1194 quidquid
705 1113 745 1175 illi
768 1115 979 1193 congesseris
1011 1135 1076 1175 non
1099 1114 1167 1177 finis
1191 1116 1248 1177 erit
1271 1117 1459 1198 cupiditatis

234 1224 291 1285 sed
322 1222 447 1302 gradus
508 1221 560 1301 qui
592 1221 764 1282 continebit
794 1222 900 1301 itaque
930 1241 966 1282 se
996 1222 1076 1282 intra
1107 1224 1284 1285 naturalem
1315 1224 1458 1297 modum,

233 1336 453 1411 paupertatem
476 1348 541 1389 non
564 1328 697 1390 sentiet:
731 1329 784 1407 qui
806 1327 981 1390 naturalem
1006 1330 1137 1390 modum
1162 1331 1308 1404 excedet,
1332 1350 1407 1391 eum
1430 1331 1460 1392 in

197 1459 219 1497 n
234 1434 365 1496 summis
395 1455 523 1515 quoque
554 1435 666 1515 opibus
696 1443 865 1517 paupertas
895 1445 1050 1516 sequetur.
1097 1437 1278 1498 necessariis
1306 1436 1402 1498 rebus
1429 1445 1460 1498 et

234 1541 328 1603 exilia
357 1539 527 1615 sufficiunt,
559 1543 758 1624 superuacuis
789 1562 848 1603 nec
878 1562 983 1622 regna.
1030 1544 1151 1604 animus
1175 1552 1239 1618 est,
1269 1531 1324 1624 qui
1348 1544 1484 1609 diuites&

233 1647 313 1710 facit.
359 1648 409 1709 hic
440 1649 470 1708 in
501 1646 594 1709 exilia
624 1650 764 1728 sequitur
795 1658 828 1711 et
858 1650 889 1709 in
919 1647 1137 1711 solitudinibus
1160 1650 1356 1730 asperrimis,
1387 1670 1456 1711 cum

233 1764 386 1836 quantum
410 1756 485 1816 satis
508 1764 556 1816 est
579 1755 763 1816 sustinendo
787 1757 910 1835 corpori
934 1756 1059 1830 inuenit,
1083 1757 1149 1836 ipse
1171 1756 1265 1818 bonis
1280 1759 1345 1818 suis
1361 1756 1456 1819 abun-

234 1864 290 1924 dat
313 1872 345 1924 et
368 1862 495 1923 fruitur:
529 1862 662 1941 pecunia
684 1864 725 1923 ad
747 1863 885 1923 animum
907 1861 980 1923 nihil
996 1864 1140 1941 pertinet,
1164 1878 1229 1924 non
1245 1864 1348 1943 magis
1364 1883 1457 1945 quarn

196 1992 219 2031 r:
234 1972 274 2031 ad
306 1970 385 2030 deos
416 1968 597 2030 inmortales
629 1971 735 2030 omnia
764 1969 839 2043 ista,
877 1988 959 2049 quae
988 1969 1120 2048 inperita
1150 1971 1274 2050 ingenia
1305 1979 1339 2032 et
1366 1971 1458 2032 'nimis

234 2077 418 2159 corporibus
448 2075 510 2137 suis
534 2075 662 2136 addicta
685 2075 863 2155 suspiciunt.
910 2073 1045 2156 lapides,
1076 2096 1203 2151 aumm,
1234 2085 1403 2157 argentum
1427 2087 1486 2142 etss

234 2184 341 2264 magni
364 2182 519 2262 leuatique
543 2201 722 2243 mensarum
747 2181 842 2243 orbes
865 2190 989 2243 terrena
1012 2191 1084 2243 sunt
1107 2184 1265 2264 pondera,
1289 2204 1372 2264 quae
1395 2203 1458 2245 non

234 2299 341 2372 potest
369 2308 476 2351 amare
505 2289 642 2350 sincerus
665 2289 786 2350 animus
809 2308 847 2350 ac
869 2297 997 2350 naturae
1019 2308 1096 2349 suae
1119 2308 1259 2364 memor,
1291 2289 1370 2352 labis
1394 2292 1459 2372 ipse

235 2417 350 2478 expers
373 2405 405 2458 et
428 2394 619 2476 quandoque
635 2395 766 2457 emissus
781 2395 879 2469 fuerit,
903 2396 945 2456 ad
961 2415 1086 2456 summa
1101 2397 1309 2458 emicaturus:
1337 2397 1459 2459 interim

194 2524 220 2564 :o
234 2496 387 2585 quantum
424 2522 481 2585 per
518 2521 624 2563 moras
655 2482 872 2564 membrorum
903 2511 936 2563 et
967 2500 1048 2563 hanc
1079 2500 1298 2564 circumfusam
1328 2523 1459 2584 grauem

234 2611 387 2672 sarcinam
411 2609 492 2684 licet,
517 2607 608 2670 celeri
632 2617 664 2669 et
687 2607 804 2669 uolucri
828 2609 1020 2689 cogitatione
1035 2609 1139 2670 diuina
1153 2608 1332 2689 perlustrat
1371 2610 1492 2676 ideo-7

234 2737 296 2798 que
327 2737 385 2778 nec
416 2715 545 2778 exulare
575 2734 726 2795 umquam
757 2723 865 2795 potest
894 2714 973 2776 liber
1004 2725 1036 2777 et
1068 2716 1115 2776 dis
1139 2724 1294 2796 cognatus
1318 2724 1350 2777 et
1374 2716 1461 2777 omni

235 2825 355 2885 mundo
379 2825 528 2904 omnique
551 2841 719 2902 aeuotpar.
765 2840 839 2881 nam
863 2821 1016 2899 cogitatio
1040 2821 1104 2883 eius
1128 2823 1210 2884 circa
1225 2842 1322 2883 omne
1338 2822 1461 2884 caelum

235 2940 267 2991 et
290 2930 320 2991 in
344 2950 440 2991 omne
455 2929 659 3009 praeteritum
676 2926 877 3007 futurumque
893 2937 1020 3008 tempus
1036 2928 1206 2990 inmittitur.
1238 2929 1462 3010 corpusculum
1484 2934 1494 2947 ⁶

195 3058 221 3097 is
236 3035 313 3110 hoc,
337 3037 481 3099 custodia
504 3045 536 3096 et
560 3033 717 3096 uinculum
742 3034 844 3108 animi,
867 3033 928 3095 huc
951 3044 1045 3113 atque
1068 3033 1138 3125 illuc
1160 3037 1300 3099 iactatur.
1346 3037 1377 3096 in
1402 3036 1464 3097 hoc

235 3143 393 3225 supplicia,
410 3144 440 3203 in
456 3143 519 3204 hoc
534 3141 704 3215 latrocinia,
721 3140 754 3200 in
766 3139 828 3200 hoc
845 3140 947 3201 morbi
964 3150 1166 3202 exercentur:
1193 3117 1315 3203 abimus
1331 3143 1462 3223 quidem

235 3251 301 3330 ipse
325 3270 413 3310 sacer
436 3258 468 3310 et
491 3258 636 3310 aeternus
660 3256 709 3308 est
733 3255 764 3307 et
788 3247 836 3306 cui
859 3267 923 3307 non
946 3248 1046 3328 possit
1068 3247 1137 3309 inici
1161 3268 1281 3310 manus.

325 3356 393 3419 XII.
425 3356 473 3416 Ne
498 3375 549 3416 me
572 3363 663 3435 putes
687 3355 729 3415 ad
750 3352 903 3415 eleuanda
918 3355 1123 3415 incommoda
1138 3358 1341 3436 paupertatis,
1364 3377 1463 3437 quam
1483 3372 1496 3423 t

236 3482 330 3523 nemo
347 3482 476 3542 grauem
493 3462 595 3535 sentit,
617 3461 673 3521 nisi
689 3455 741 3540 qui
757 3468 856 3540 putat,
873 3461 917 3521 uti
932 3468 1055 3521 tantum
1071 3462 1247 3543 praeceptis
1263 3463 1464 3542 sapientium,

195 3591 221 3629 ao
236 3570 371 3651 primum
401 3567 544 3650 adspice,
576 3576 694 3648 quanto
726 3568 826 3628 maior
855 3587 928 3648 pars
958 3568 998 3628 sit
1028 3588 1220 3650 pauperum,
1252 3589 1334 3649 quos
1365 3569 1463 3631 nihilo

235 3729 447 3736 ————-

237 3871 251 3920 3
272 3834 360 3919 humor
379 3871 407 3936 (h
426 3885 460 3922 m.
480 3867 546 3936 rec.)
673 3867 689 3919 4
715 3869 828 3920 ardentm
849 3868 886 3935 (ar
905 3867 932 3920 in
951 3870 1018 3935 rar.)
1133 3866 1149 3920 9
1169 3870 1269 3919 excedet
1287 3865 1346 3922 W:
1368 3871 1463 3921 excedit

340 3960 369 4011 ll
392 3959 463 4009 exilia
484 3957 512 4026 (li
531 3957 557 4009 ire
577 3956 645 4024 ras.)
754 3957 787 4010 15
807 3959 957 4007 immortales
977 3958 1013 4023 (es
1032 3958 1114 4024 corr.)
1223 3959 1337 4024 imperita

237 4085 270 4137 18
295 4086 358 4134 labis
377 4083 453 4138 Koch
473 4084 564 4153 (oneris
585 4081 725 4152 Maritum:
746 4084 805 4132 leuis
932 4083 964 4135 19
983 4082 1052 4134 suma
1072 4059 1216 4132 emicaturus
1242 4083 1328 4153 (apr.
1347 4083 1376 4137 iu
1394 4088 1465 4150 ras.)

325 4175 354 4228 21
378 4178 507 4240 perlustrat
526 4176 533 4223 i
553 4175 571 4239 (i
591 4170 655 4239 del.)
746 4171 780 4222 22
799 4175 895 4222 exulare
913 4166 1006 4238 uniqud
1026 4174 1077 4239 (are
1095 4189 1136 4222 um
1155 4171 1183 4224 in
1201 4172 1268 4238 ras.)
1359 4171 1394 4226 23
1417 4188 1464 4249 euo

236 4281 287 4330 par.
307 4266 349 4314 Nu
368 4264 496 4333 (praeter
515 4280 559 4312 euo
579 4262 686 4324 iuras.)
778 4261 812 4312 24
831 4260 948 4310 immittit?
1037 4261 1070 4314 ‘27
1090 4263 1171 4310 inici*
1191 4260 1381 4330 (satismaqna
1393 4262 1464 4326 rac.)

237 4370 330 4402 manus.
422 4352 456 4405 29
475 4353 627 4416 sapientium,
647 4352 753 4414 primunr
767 4350 938 4419 irrlerptmoeil
952 4348 1078 4420 llktdut'q:
1100 4347 1183 4419 utllqo
1195 4351 1342 4414 sapientum.
1354 4351 1464 4399 Primum

325 4441 359 4493 30
385 4443 467 4506 aspice
