3046 5092
245 314 247 320 Ι
266 331 488 371 CONTVMELIAM
509 331 655 371 ACCll'ERE
674 331 853 371 SAPIENTEM.
874 332 934 374 xiv.
950 331 997 373 XV.
1013 331 1072 373 XVl.
1239 334 1276 397 31

82 479 143 558 regis
162 477 354 539 -recumbere
385 476 463 539 inira
495 498 636 539 mensam
668 478 815 557 uescique
843 499 914 538 cum
948 478 1045 538 seruis
1073 477 1281 557 ignominiosa

22 569 24 572 Α
83 571 163 646 ollicia
191 584 310 646 sortitis
333 583 506 645 iubebitur?
545 585 570 644 si
594 586 669 665 quid
693 584 777 645 aliud
802 583 883 645 lerre
907 593 1039 664 cogetur
1062 605 1172 646 eorum
1197 605 1280 664 quae
1366 643 1371 653 ,

54 692 228 770 texcogitari
255 690 385 772 pudori·
403 693 539 771 ingenuo
571 692 704 753 molesta
735 695 885 773 possunt?
937 694 966 752 in
990 700 1280 771 quantumcumque

77 802 119 860 ista
139 796 185 859 uel
208 784 342 859 numero
366 797 416 859 uel
438 799 655 878 magnitudine
679 799 841 872 creuerint,
865 798 1005 858 eiusdem
1022 807 1152 858 naturae
1170 808 1275 859 erunt:
1318 873 1325 885 ,

75 906 172 966 sinon
203 914 336 985 tangent
367 903 453 966 illum
482 925 593 986 parua,
625 926 664 966 ne
688 907 807 967 maiora
829 906 966 985 quidem.
1012 906 1124 965 sinon
1148 915 1279 984 tangent
1307 928 1319 966 5

75 1033 166 1094 pauca,
197 1032 238 1073 ne
268 1011 358 1092 plura
387 1013 524 1091 quidem.
570 1014 628 1073 sed
652 1034 693 1073 ex
718 1011 915 1073 inbecillitate
939 1022 1044 1073 uestra
1067 1012 1278 1073 coniecturam

75 1119 162 1201 capitis
185 1119 320 1198 ingentis
344 1119 446 1191 animi,
470 1128 502 1180 et
526 1140 597 1180 cum
622 1120 791 1198 cogitastis
816 1127 969 1199 quantum
992 1120 1109 1200 putetis
1134 1138 1191 1178 uos
1214 1120 1280 1199 pati

75 1247 161 1308 posse,
192 1225 342 1306 sapientis
365 1226 535 1306 patientiae
560 1225 655 1306 paulo
679 1226 858 1287 ulteriorem
883 1227 1050 1287 terminum
1073 1226 1204 1306 ponitis:
1247 1234 1280 1285 at
1349 1205 1354 1214 ’

74 1333 139 1394 illum
166 1334 198 1394 in
230 1331 295 1393 aliis
327 1333 434 1394 mundi
466 1333 579 1394 finibus
609 1354 666 1394 sua
694 1334 790 1393 uirtus
813 1331 993 1393 conlocauit
1016 1330 1090 1392 nihil
1114 1332 1279 1392 uobiscum

52 1448 222 1506 lcommune
252 1438 433 1501 habentem.
479 1459 596 1520 quaere
628 1449 659 1499 et
690 1460 800 1520 aspera
832 1448 864 1500 et
895 1458 1114 1518 quaecumque
1142 1436 1319 1499 toleratum

76 1547 159 1626 grauia
189 1555 263 1607 sunt
294 1547 466 1625 audituque
498 1554 530 1606 et
561 1546 627 1605 uisu
659 1545 859 1625 refugienda:
902 1566 965 1605 non
993 1545 1145 1605 obruetur
1169 1566 1278 1605 eorum

77 1661 148 1713 coetu
177 1660 209 1713 et
240 1650 340 1731 qualis
371 1651 512 1732 singuliS,
543 1651 613 1712 talis
644 1652 794 1713 uniuersis
828 1651 968 1715 obsistet.
1015 1652 1068 1731 qui
1100 1653 1173 1712 dicit
1204 1652 1278 1712 illud

77 1758 215 1820 tolerabile
246 1758 391 1839 sapienti,
423 1757 498 1819 illud
522 1758 732 1832 intolerabile,
756 1767 788 1820 et
811 1758 904 1819 animi
929 1758 1176 1835 magnitudinem
1199 1759 1279 1818 intra

78 1873 159 1926 certos
180 1865 259 1926 fines
282 1873 379 1939 tenet,
404 1865 485 1926 male
509 1866 591 1944 agit:
626 1865 719 1925 uincit
743 1886 802 1925 nos
825 1864 959 1938 fortuna,
983 1865 1038 1924 nisi
1054 1873 1122 1925 tota
1139 1864 1278 1925 uincitur.

53 1977 64 2029 l
78 1991 108 2031 ne
120 1981 199 2052 putes
215 1972 308 2032 istam
322 1970 463 2033 Stoicam
480 1991 549 2032 esse
566 1971 718 2045 duritiam,
741 1971 902 2052 Epicurus
924 1992 1019 2051 quem
1035 1992 1093 2032 uos
1108 1980 1278 2052 patronum
1296 1992 1318 2030 u

78 2079 179 2140 inertiae
201 2086 325 2140 uestrae
349 2079 511 2140 adsumitis
535 2078 714 2159 putatisque
738 2077 843 2139 mollia
867 2099 903 2139 ac
927 2078 1084 2139 desidiosa
1099 2079 1280 2158 praecipere

80 2191 105 2243 et
120 2186 153 2245 ad
175 2184 351 2266 uoluptates
375 2183 534 2258 ducentia,
559 2205 643 2259 raro,
668 2186 778 2265 inquit,
803 2184 928 2246 fortuna
951 2184 1083 2265 sapienti
1106 2184 1279 2244 interuenit.

80 2309 152 2368 quam
165 2311 264 2372 paene
280 2291 382 2352 emisit
406 2292 461 2352 uiri
477 2295 609 2352 uocem!
637 2291 683 2351 uis
705 2299 739 2351 tu
760 2289 871 2352 fortius
886 2290 971 2371 loqui
987 2299 1019 2352 et
1035 2289 1119 2351 illam
1143 2310 1185 2350 ex
1208 2298 1279 2351 toto

55 2401 66 2449 l
81 2401 271 2459 summouere!
300 2399 417 2460 domus
432 2396 511 2459 haec
526 2399 673 2480 sapientis
689 2406 832 2478 angusta,
856 2400 920 2459 sine
936 2397 1030 2472 cultu,
1054 2397 1120 2458 sine
1139 2400 1279 2477 strepitu,

83 2500 131 2562 sine
150 2506 313 2585 adparatu,
345 2503 434 2564 nullis
467 2505 652 2566 adseruatur
675 2504 856 2566 ianitoribus
879 2503 1005 2565 turbam
1029 2503 1129 2564 uenali
1153 2501 1278 2564 fastidio
1293 2523 1319 2562 20

84 2604 280 2686 digerentibus,
312 2611 370 2672 sed
401 2631 457 2691 per
487 2608 550 2672 hoc
580 2610 675 2671 limen
707 2631 841 2671 uacuum
872 2619 904 2671 et
927 2611 968 2670 ab
992 2609 1123 2670 ostiariis
1139 2608 1278 2670 liberum

84 2709 180 2796 lortuna
200 2712 264 2798 non
287 2718 405 2779 transit.
445 2717 503 2777 scit
526 2737 590 2777 non
614 2717 766 2783 essefillic
781 2716 837 2778 sibi
859 2716 977 2791 locum,
1001 2717 1054 2777 ubi
1069 2716 1116 2777 sui
1131 2715 1206 2776 nihil
1222 2726 1278 2777 est.

23 2886 25 2890 ,
61 2825 70 2874 l
151 2821 240 2885 XVL
261 2822 386 2905 Quodsi
403 2822 556 2903 Epicurus
580 2843 715 2902 quoque,
739 2822 940 2913 qui2corpori
960 2822 1128 2904 plurimum
1144 2821 1278 2897 indulsit,

85 2923 206 2990 aduersus
237 2930 359 2991 iniurias
384 2927 527 3009 exurgit,
558 2930 633 3009 quid
657 2932 741 3010 apud
765 2949 824 2990 nos
848 2928 1028 2990 incredibile
1051 2929 1148 2989 uideri
1171 2937 1279 3008 potest
1363 2987 1370 2999 ,

86 3038 126 3089 aut
143 3053 224 3115 supra
247 3035 405 3097 humanae
428 3044 558 3097 naturae
582 3038 783 3097 mensuram?
815 3035 865 3096 ille
889 3037 930 3096 ait
954 3035 1075 3095 iniurias
1098 3034 1278 3096 tolerabiles
1291 3056 1317 3095 νε»

86 3153 136 3198 esse
154 3143 283 3222 sapienti,
307 3163 365 3204 nos
388 3143 510 3204 iniurias
534 3163 598 3203 non
622 3162 698 3203 esse.
738 3163 796 3203 nec
819 3143 901 3204 enim
923 3151 983 3216 est,
1006 3142 1094 3221 quod
1115 3142 1200 3202 dicas
1216 3140 1278 3202 hoc

60 3247 186 3308 tnaturae
206 3269 390 3330 repugnare.
429 3269 493 3309 non
517 3261 670 3329 negamus
693 3270 759 3310 rem
780 3248 1015 3310 incommodam
1036 3268 1105 3309 esse
1122 3248 1279 3310 uerberari

86 3354 111 3405 et
132 3350 219 3433 inpelli
249 3364 281 3417 et
313 3356 418 3434 aliquo
442 3356 588 3417 membro
612 3377 732 3430 carere,
765 3357 822 3418 sed
846 3356 952 3418 omnia
975 3354 1034 3417 ista
1057 3375 1210 3435 negamus
1233 3355 1276 3415 in-

86 3451 154 3516 iurias
173 3481 242 3522 esse.
281 3482 347 3522 non
362 3482 489 3523 sensum
506 3461 561 3523 illis
578 3462 697 3524 doloris
713 3462 914 3537 detrahimus,
937 3452 994 3523 sed
1010 3482 1127 3523 nomen
1143 3461 1277 3535 iniuriae,

87 3563 152 3634 quod
170 3587 226 3628 non
249 3576 357 3649 potest
381 3569 474 3649 recipi
495 3569 609 3630 uirtute
629 3568 723 3630 salua.
762 3578 831 3630 uter
854 3570 955 3629 uerius
977 3569 1061 3630 dicat
1082 3569 1274 3630 uidebimus:
1292 3590 1319 3640 ao
1403 3608 1406 3613 -

87 3664 118 3722 ad
141 3681 343 3756 contemptum
366 3675 502 3754 quidem·
517 3675 643 3736 iniuriae
671 3685 803 3755 uterque
836 3676 1001 3737 consentit.
1042 3676 1169 3754 'quaeris
1201 3675 1277 3754 quid

87 3765 147 3832 inter
166 3780 244 3842 ‘duos
273 3781 414 3842 intersit?
458 3781 547 3861 quod
578 3783 657 3842 inter
686 3781 876 3861 gladiatores
907 3780 1107 3856 fortissimos
1142 3802 1276 3861 quorum

167 3901 262 3914 ’κ’
492 3910 500 3940 t

155 3970 167 4020 li
183 3974 344 4026 imbecillitate
434 3974 450 4024 8
470 3958 548 4043 adilh'i
639 3976 654 4025 9
675 3976 807 4024 collocauit
900 3976 931 4026 lll
950 3993 1039 4039 quaere
1052 3973 1180 4043 Madm'p:
1202 3991 1277 4038 quare

156 4057 182 4111 '12
199 4070 248 4128 cetu
338 4065 397 4112 illud
423 4065 450 4130 (d
469 4079 507 4117 ex
526 4069 535 4113 t
554 4067 638 4130 corr.)
732 4064 768 4137 ,15Ι
783 4071 865 4128 putes,
891 4079 924 4115 m.
944 4080 999 4118 rec.
1019 4079 1158 4134 superscr.
1177 4065 1187 4110 l
1207 4065 1275 4112 dicas

960 4146 969 4172 S

155 4163 216 4261 patri]
234 4207 260 4273 (o
279 4222 313 4260 m.
330 4206 387 4274 pr.)
471 4205 503 4257 18
522 4223 584 4270 pene
671 4205 705 4257 20
724 4215 842 4272 apparatu
936 4189 1077 4290 adseruatur
1157 4206 1189 4257 21
1210 4164 1275 4255 uacuu

88 4419 96 4466 t
156 4289 270 4397 abiistiaris
361 4346 394 4400 24
419 4349 460 4411 qui
485 4349 510 4396 id
534 4346 629 4399 Haase
719 4348 751 4400 31
777 4306 881 4400 contelst
972 4348 1005 4399 3¹2
1031 4350 1093 4396 inter
1117 4349 1178 4396 duos
1203 4352 1277 4400 recle

97 4424 158 4473 uetur
174 4428 244 4487 Gerrg
