3046 5092
410 360 490 402 DlAL.
506 361 532 402 V.
561 360 601 400 DE
617 360 669 401 IRA
683 360 737 402 LlB.
754 361 794 401 111.
835 364 855 404 9.
870 365 905 425 βθ.
920 362 953 402 31.
1231 365 1288 425 111

61 526 152 568 nunc
182 515 288 573 autem
312 506 447 587 primum
472 505 612 587 inpetum
635 508 801 589 sequimur.
841 508 956 570 deinde
979 509 1122 590 quamuis
1138 527 1219 568 uana
1235 527 1293 569 nos

55 612 302 686 concitauerint,
325 633 581 694 perseueramus,
611 634 651 675 ne
674 615 838 676 uideamur
861 615 1002 696 coepisse
1025 614 1091 676 sine
1114 633 1214 675 causa.
1261 621 1294 675 et

55 722 156 802 quod
179 721 404 802 iniquissimum
429 729 492 794 est,
516 721 738 801 pertinaciores
760 741 820 783 nos
842 720 915 783 facit
938 721 1080 803 iniquitas
1103 722 1175 784 irae.
1221 721 1291 783 reti-

55 847 181 890 nemus
204 828 287 888 enim
311 826 395 888 illam
411 836 444 888 et
459 846 620 907 augemus,
644 829 732 909 quasi
747 837 969 910 argumentum
985 830 1024 891 sit
1039 829 1120 890 iuste
1134 828 1293 890 irascentis

56 935 206 1016 grauiter
229 934 322 996 irasci.
1308 953 1319 992 s

158 1041 262 1103 XXX.
301 1039 431 1122 Quanto
447 1050 448 1054 ’
462 1041 571 1103 melius
602 1050 650 1103 est
680 1042 765 1103 initia
793 1043 862 1123 ipsa
892 1043 1068 1124 perspicere
1096 1061 1191 1122 quam
1215 1040 1295 1103 leuia

58 1150 141 1221 sint,
166 1168 261 1229 quam
286 1147 434 1209 innoxia?
472 1149 561 1228 quod
584 1149 726 1210 accidere
749 1150 837 1212 uides
860 1150 1045 1211 animalibus
1069 1149 1178 1224 mutis,
1209 1149 1293 1210 idem

61 1257 97 1318 in
121 1256 251 1317 homine
275 1255 471 1334 deprendes:
498 1253 615 1316 friuolis
637 1255 801 1317 turbamur
823 1266 856 1318 et
879 1255 1028 1317 inanibus.
1067 1263 1191 1318 taurum
1208 1254 1296 1317 color

63 1363 260 1425 rubicundus
290 1362 425 1436 excitat,
462 1363 503 1423 ad
533 1361 678 1424 umbram
709 1364 792 1445 aspis
822 1363 965 1444 exurgit,
1004 1383 1094 1425 ursos
1124 1361 1295 1451 leonesque

66 1490 188 1552 mappa
216 1468 356 1550 proritat.
405 1468 512 1530 omnia
542 1488 624 1548 quae
655 1477 767 1532 natura
797 1469 863 1531 fera
893 1490 930 1533 ac
960 1470 1070 1532 rabida
1100 1478 1189 1545 sunt,
1214 1445 1335 1531 'con-10

10 1576 26 1627 ἒ
68 1585 249 1639 sternantur
286 1577 328 1636 ad
366 1595 455 1637 uana.
508 1575 592 1637 idem
632 1576 775 1657 inquietis
811 1584 843 1638 et
873 1576 995 1639 stolidis
1025 1576 1155 1657 ingeniis
1183 1577 1294 1638 euenit.

70 1704 174 1746 rerum
213 1683 388 1766 suspicione
426 1681 589 1758 feriuntur,
621 1685 704 1745 adeo
735 1684 881 1764 quidem,
919 1692 954 1745 ut
984 1684 1141 1744 interdum
1172 1682 1296 1744 iniurias

72 1799 187 1852 uocent
210 1791 336 1852 modica
354 1789 513 1864 beneficia,
538 1791 568 1851 in
584 1791 697 1871 quibus
712 1789 971 1870 frequentissima,
995 1797 1079 1857 certe
1096 1789 1297 1851 acerbissima

72 1897 247 1959 iracundiae
278 1897 410 1958 materia
440 1905 496 1959 est.
542 1898 717 1959 carissumis
745 1898 828 1960 enirn
858 1898 1034 1971 irascimur,
1065 1895 1151 1978 quod
1174 1896 1296 1956 minora

73 2005 162 2065 nobis
185 2004 397 2084 praestiterint
420 2024 515 2085 quam
540 2014 647 2066 mente
670 2005 871 2085 concepimus
894 2024 1054 2086 quamque
1075 2002 1125 2065 alii
1140 2001 1292 2063 tulerunt:
1312 2019 1336 2056 u

19 2107 45 2160 3
74 2132 142 2173 cum
175 2110 335 2192 utriusque
366 2111 409 2171 rei
439 2120 584 2190 paratum
615 2112 790 2173 remedium
821 2111 868 2172 sit.
915 2111 1016 2191 magis
1039 2109 1127 2172 alteri
1150 2107 1293 2171 indulsit:

74 2229 179 2282 nostra
201 2238 261 2295 nos
283 2219 350 2279 sine
373 2218 599 2300 conparatione
623 2217 788 2280 delectent.
828 2237 1000 2298 numquam
1024 2218 1082 2280 erit
1103 2216 1178 2279 felix
1201 2236 1296 2297 quem

74 2325 232 2407 torquebit
262 2323 388 2386 felicior.
434 2326 537 2386 minus
567 2323 672 2387 habeo
695 2345 791 2406 quam
816 2326 956 2406 speraui:
991 2325 1049 2387 sed
1072 2323 1205 2386 fortasse
1228 2325 1297 2403 plus

74 2433 194 2514 speraui
217 2451 312 2514 quam
337 2431 443 2494 debui.
481 2431 561 2493 haec
582 2452 655 2512 pars
679 2433 820 2495 maxime
843 2433 1014 2493 metuenda
1037 2439 1093 2493 est.
1131 2430 1203 2492 hinc
1226 2450 1296 2511 per-

75 2540 294 2601 niciosissimae
333 2539 396 2601 irae
434 2546 600 2600 nascuntur
639 2548 671 2600 et
713 2539 909 2600 sanctissima
945 2558 1089 2619 quaeque
1127 2538 1297 2599 inuasurae.
1312 2549 1337 2589 20

45 2644 178 2708 ldiuum
203 2645 314 2707 Iulium
339 2645 444 2728 plures
467 2644 669 2707 confecerunt
693 2646 784 2707 amici
808 2664 903 2726 quam
927 2645 1051 2720 inimici,
1075 2664 1210 2725 quorum
1234 2663 1298 2704 non

77 2752 258 2836 expleuerat
281 2774 354 2835 spes
377 2752 591 2835 inexplebiles.
628 2752 725 2814 uoluit
749 2753 876 2833 quidem
901 2752 959 2827 ille,
984 2752 1192 2833 nequeenim
1216 2750 1297 2831 quis-

78 2881 166 2942 quam
198 2860 354 2922 liberalius
377 2860 507 2921 uictoria
530 2879 604 2921 usus
627 2868 691 2933 est,
723 2880 765 2921 ex
789 2878 852 2939 qua
874 2858 948 2920 nihil
958 2859 1029 2927 ‚sibi
1052 2838 1221 2920 uindicauit
1243 2857 1300 2919 nisi

79 2968 275 3050 dispensandi
298 2975 499 3049 potestatem.
540 2967 598 3028 sed
621 2966 894 3047 quemadmodum
918 2964 1060 3027 sufficere
1075 2974 1142 3027 tam
1158 2964 1299 3044 inprobis

82 3073 233 3136 desideriis
256 3081 375 3155 posset,
399 3092 470 3134 cum
494 3081 616 3134 tantum
634 3092 745 3133 omnes
762 3072 1027 3153 concupiscerent,
1050 3080 1204 3152 quantum
1220 3089 1299 3131 unus
1313 3081 1338 3122 ²5

59 3177 220 3261 lpoterat?
253 3180 331 3241 uidit
353 3181 458 3261 itaque
479 3180 593 3241 strictis
613 3180 695 3241 circa
710 3177 818 3241 sellam
835 3197 924 3239 suam
940 3178 1053 3259 gladiis
1069 3176 1300 3239 commilitones

85 3304 156 3362 suos,
180 3285 354 3361 Cimbrum,
370 3285 504 3361 Tillium,
529 3287 715 3364 acerrimum
738 3285 833 3367 paulo
850 3295 924 3347 ante
938 3285 1075 3367 partium
1091 3283 1300 3358 defensorem,

88 3392 215 3476 aliosque
245 3401 320 3474 post
347 3393 534 3475 Pompeium
566 3393 696 3454 demum
728 3392 949 3473 Pompeianos.
995 3391 1074 3454 haec
1104 3411 1154 3452 res
1184 3411 1241 3453 sua
1270 3391 1300 3451 in

16 3524 20 3531 ·
90 3518 167 3580 reges
190 3520 278 3562 arma
302 3501 457 3562 conuertit
480 3499 711 3580 fidissimosque
734 3518 774 3560 eo
791 3497 938 3580 conpulit,
961 3507 996 3560 ut
1012 3499 1053 3560 de
1069 3507 1174 3560 morte
1190 3517 1300 3559 eorum

93 3608 260 3686 cogitarent,
283 3626 342 3687 pro
365 3607 478 3687 quibus
501 3615 533 3668 et
556 3615 629 3668 ante
652 3625 734 3686 quos
757 3606 837 3667 mori
860 3616 972 3667 uotum
995 3604 1182 3667 habuerunt.
1278 3621 1284 3637 ‘
1315 3617 1340 3657 ³0

68 3705 79 3756 ¹
166 3713 283 3776 XXXI.
313 3712 396 3775 Nulli
412 3713 453 3774 ad
469 3712 569 3775 aliena
584 3712 759 3793 respicienti
780 3732 836 3788 sua
850 3711 984 3794 placent.
1022 3713 1095 3773 inde
1112 3713 1159 3774 dis
1174 3732 1301 3794 quoque

94 3816 250 3895 irascimur,
282 3816 370 3900 quod
400 3818 508 3900 aliquis
539 3841 598 3881 nos
626 3818 808 3892 antecedat,
840 3818 930 3880 obliti
961 3827 1113 3900 quantum
1136 3817 1300 3880 hominum

93 3931 164 3986 retro
185 3929 239 4002 sit,
263 3935 295 3988 et
318 3925 425 4008 paucis
447 3927 638 3988 inuidentem
663 3934 815 4008 quantum
839 3935 987 4005 sequatur
1010 3945 1030 3987 a
1052 3933 1144 4006 tergo
1156 3926 1302 4005 *ingentis

87 4109 208 4182 lcepisse
302 4120 317 4172 3
344 4121 498 4186 iniquissimli
525 4119 559 4185 (ui
577 4118 604 4172 t’n
624 4119 692 4185 ras.)
792 4118 824 4171 14
850 4109 988 4169 carissumis
1015 4122 1040 4184 (u
1058 4118 1086 4170 in
1105 4121 1112 4166 i
1131 4119 1205 4181 mut.)

85 4195 108 4248 15
137 4208 239 4260 mlerunt
257 4207 387 4277 Maduip:
408 4210 504 4258 tulerint
595 4207 640 4279 ι20
665 4209 836 4258 sanctissimas
932 4260 938 4272 ,
958 4207 991 4260 21
1017 4208 1097 4272 plures
1121 4208 1195 4256 amici
1219 4208 1302 4256 conse·

80 4297 168 4344 cerunt
188 4301 258 4349 amici
284 4299 378 4368 (prius
402 4298 477 4348 amici
502 4294 602 4352 lineola
627 4302 790 4351 transuersa
815 4294 941 4364 deletum)
1037 4295 1071 4348 24
1097 4297 1130 4344 im
1150 4297 1209 4360 pbis

77 4368 102 4424 25
122 4392 245 4446 quantu*
356 4385 391 4440 27
415 4387 517 4437 Tillium
536 4382 675 4440 Muretus:
696 4387 788 4436 uillium
886 4384 918 4437 31
945 4385 1050 4436 indediis
1140 4383 1173 4437 33
1199 4388 1301 4450 atergo

74 4455 94 4518 (²
110 4465 154 4518 in
175 4487 237 4543 rus,
254 4484 264 4527 t
282 4476 360 4530 initio
377 4490 476 4530 uersus
493 4462 600 4544 addita)
