3046 5092
484 925 514 991 u
546 925 688 992 iuuiu
718 925 884 994 eunucis
941 1002 944 1007 ,

303 1072 744 1170 DIALOGORVM
783 1074 980 1169 LIBER
1012 1074 1068 1170 X.

443 1256 459 1353 ,¹
562 1264 611 1312 AD
631 1263 811 1313 PAVLINVM

501 1383 542 1439 llll
561 1383 740 1439 Buuvluiuu
759 1385 865 1441 Vluiu.

604 1529 764 1537 ...η-

43 1672 52 1722 1
158 1653 182 1715 Ι.
222 1619 333 1714 Maior
362 1672 435 1734 pars
466 1650 660 1727 mortalium,
693 1652 836 1728 Pauline,
869 1654 910 1714 de
941 1662 1070 1715 naturae
1101 1653 1296 1736 malignitate

69 1762 286 1842 conqueritur,
324 1758 411 1839 quod
446 1759 477 1820 in
508 1758 659 1838 exiguum
691 1760 759 1820 aeui
790 1760 963 1840 gignimur,
1002 1760 1089 1841 quod
1119 1759 1198 1822 haec
1227 1770 1294 1822 tam

68 1865 236 1941 uelociter,
268 1874 335 1928 tam
359 1865 469 1947 rapide
493 1865 558 1926 dati
582 1863 673 1936 nobis
697 1867 851 1946 temporis
874 1867 974 1947 spatia
998 1866 1181 1942 decurrunt,
1213 1867 1295 1929 adeo

67 1982 101 2035 ut
132 1974 278 2054 exceptis
309 1972 486 2033 admodum
517 1971 624 2052 paucis
656 1979 779 2033 ceteros
803 1973 833 2032 in
856 1973 925 2052 ipso
949 1975 1032 2034 uitae
1055 1973 1209 2054 adparatu
1232 1975 1296 2036 uita

68 2080 231 2142 destituat.
277 2098 336 2141 nec
358 2076 430 2139 huic
452 2075 595 2159 public0‚
627 2085 661 2138 ut
683 2080 867 2163 opinantur,
892 2077 976 2140 malo
1000 2079 1093 2140 turba
1115 2088 1240 2142 tantum
1264 2089 1322 2142 et⁵

67 2185 239 2267 inprudens
263 2183 377 2264 uolgus
399 2185 560 2265 ingemuit.
599 2182 754 2245 clarorum
778 2205 907 2265 quoque
929 2184 1067 2246 uirorum
1087 2184 1138 2248 hic
1154 2185 1296 2247 adfectus

67 2290 223 2372 querellas
255 2291 420 2353 euocauit:
453 2291 526 2352 inde
557 2289 608 2352 illa
635 2291 767 2352 maximi
791 2291 988 2353 medicorum
1012 2290 1202 2354 exclamatio
1226 2303 1293 2355 est:

36 2400 166 2461 tuitam
199 2397 330 2460 breuem
362 2417 447 2472 esse,
478 2394 608 2477 longam
640 2407 749 2458 artem.
796 2399 869 2459 inde
891 2397 1073 2460 Aristotelis
1097 2419 1167 2460 cum
1191 2419 1295 2460 rerum

48 2513 181 2574 ,natura
204 2504 361 2584 exigentis
385 2504 513 2566 minime
536 2505 725 2565 conueniens
749 2506 880 2585 sapienti
901 2505 968 2566 uiro
992 2504 1052 2566 lis:
1076 2506 1187 2566 aetatis
1210 2504 1293 2566 illam

68 2610 257 2674 animalibus
280 2619 404 2672 tantum
428 2609 600 2685 indulsisse,
624 2619 659 2672 ut
682 2612 777 2691 quina
800 2621 854 2672 aut
878 2612 961 2672 dena
983 2610 1088 2672 secula
1105 2613 1290 2674 educerent:
1312 2627 1334 2666 ιο

67 2716 191 2780 homini
213 2719 244 2779 in
266 2726 333 2779 tam
357 2716 456 2779 multa
478 2737 516 2778 ac
539 2736 656 2796 magna
679 2718 787 2796 genito
811 2725 903 2779 tanto
926 2717 1102 2779 citeriorem
1125 2719 1294 2779 terminum

34 2832 164 2887 3stare.
210 2844 275 2885 non
307 2826 457 2904 exiguum
489 2824 641 2904 temporis
672 2822 842 2896 habemus,
875 2824 933 2885 sed
963 2823 1096 2885 multum
1126 2825 1295 2905 perdimus.

68 2933 145 2994 satis
169 2930 267 3011 longa
289 2932 355 2994 uita
378 2943 408 2992 et
431 2932 461 2992 in
485 2929 697 2992 maximarum
721 2950 825 2990 rerum
850 2931 1176 2993 consummationem:
1208 2929 1294 3010 large

68 3039 145 3100 data
177 3046 243 3112 est,
274 3039 300 3098 si
330 3046 401 3100 tota
431 3037 513 3098 bene
536 3035 763 3098 conlocaretur.
810 3037 867 3098 sed
891 3036 944 3096 ubi
967 3057 1024 3117 per
1046 3036 1156 3098 luxum
1180 3057 1217 3099 ac
1240 3057 1293 3098 ne-

68 3143 263 3225 glegentiam
286 3142 407 3217 diffluit,
429 3141 485 3204 ubi
507 3141 612 3204 nullae
634 3140 740 3203 bonae
762 3143 807 3203 rei
830 3142 1016 3224 inpenditur,
1038 3142 1148 3204 ultima
1164 3144 1294 3204 demum
1311 3159 1335 3198 n
1403 3190 1411 3202 .

68 3250 258 3313 necessitate
280 3259 425 3330 cogente,
449 3269 544 3331 quam
568 3249 612 3310 ire
636 3268 701 3309 non
725 3248 944 3323 intelleximus,
969 3251 1117 3310 transisse
1133 3250 1294 3311 sentimus.

32 3357 112 3422 lita
135 3365 193 3431 est,
217 3375 283 3418 non
306 3356 475 3438 accipimus
499 3354 630 3416 breuem
654 3355 761 3429 uitam,
784 3355 840 3416 sed
856 3353 995 3430 facimus
1018 3375 1078 3416 nec
1093 3355 1204 3437 inopes
1220 3358 1309 3430 eius·

67 3464 126 3525 sed
157 3462 285 3545 prodigi
315 3483 433 3525 sumus.
478 3463 558 3523 sicut
590 3457 716 3542 amplae
747 3469 780 3523 et
802 3461 908 3541 regiae
932 3481 1010 3543 opes
1034 3460 1086 3522 ubi
1110 3464 1151 3523 ad
1176 3460 1295 3523 malum

68 3570 236 3632 dominum
259 3568 487 3649 peruenerunt,
516 3575 683 3628 momento
707 3567 905 3648 dissipantur,
929 3576 962 3630 at
985 3568 1127 3649 quamuis
1150 3568 1296 3630 modicae

67 3814 84 3868 3
104 3817 234 3866 decurrunt
249 3812 346 3869 Gertz:
367 3816 495 3865 decurrant
585 3812 711 3878 iceteros
729 3867 732 3872 ,
800 3819 919 3878 apparatu
1010 3813 1180 3880 Gimprudens
1194 3813 1293 3883 Neap.:

68 3905 198 3971 impudens
300 3904 387 3969 uolgus
413 3903 439 3970 (o
457 3900 568 3956 uidetur
586 3901 614 3954 in
633 3918 647 3951 u
666 3907 792 3955 correcta
811 3900 879 3970 esse)
982 3904 1128 3968 affectusque
1148 3903 1210 3954 relas
1230 3903 1249 3967 (l
1267 3903 1295 3955 itt

67 3991 135 4061 ras.)
227 3990 364 4044 8brebem
459 3991 598 4041 Aristotelis
616 3987 743 4044 Fickert:
766 3991 900 4041 aristoteles
989 3990 1004 4043 9
1029 3992 1134 4055 exigenti
1153 3989 1175 4059 (s
1194 3978 1294 4047 deleta)

68 4082 171 4131 minime
191 4080 215 4146 (e
233 4080 261 4133 in
279 4080 346 4147 ras.)
446 4079 549 4161 'aetatis
568 4079 636 4128 illam
658 4075 753 4142 Gertz,
772 4080 859 4128 aetatis
877 4095 932 4129 eam
951 4075 1081 4148 Maduiq:
1108 4085 1169 4131 §.at
1187 4080 1226 4127 isti
1244 4080 1295 4127 iam

196 4203 229 4258 10
253 4203 381 4254 indulsisse
400 4202 439 4270 (in
456 4217 543 4272 marg.
563 4217 596 4254 m.
616 4217 671 4256 rec.
690 4200 799 4255 addidit
816 4203 908 4268 dicunt)
1013 4200 1046 4254 12
1066 4165 1165 4258 habem}

68 4293 193 4358 perdimus
211 4287 270 4345 Eli
290 4292 418 4358 pdldimus
527 4290 559 4344 13
581 4294 648 4360 post
672 4292 908 4341 consummationem
928 4305 999 4359 quae
1017 4288 1093 4358 nulia
1111 4293 1170 4344 erat
1188 4287 1296 4341 addidit

67 4379 311 4451 interpunctionem
332 4377 415 4433 Gertz
507 4378 540 4431 17
558 4381 662 4429 facimus
683 4376 780 4432 Gertzz
802 4380 885 4437 secim3
