3060 5078
236 342 277 399 40
620 333 697 375 omn.
719 333 759 376 111.
781 303 821 372 us
841 334 891 372 um
911 333 965 375 tra.
985 334 1002 376 1.
1022 340 1042 376 4.
1057 312 1083 377 ⁸5.

234 489 342 561 potest
364 501 429 540 non
453 500 522 541 esse
546 480 732 541 iracundus:
759 479 923 541 iracundus
946 487 1054 560 potest
1084 479 1255 560 aliquando
1278 452 1379 542 iratus
1404 501 1471 543 non

189 602 193 610 ·
235 606 311 648 esse.
349 594 454 647 cetera
482 606 564 666 quae
594 585 734 666 pluribus
763 586 848 666 apud
880 585 1021 648 Graecos
1052 585 1232 647 nominibus
1271 587 1303 650 in
1342 589 1505 668 species2

233 693 311 754 iram
336 693 540 770 distinguunt,
563 693 637 772 quia
660 692 746 772 apud
777 713 835 753 nos
859 691 1016 753 uocabula
1045 713 1103 754 sua
1131 713 1195 753 non
1218 692 1350 768 habent,
1375 714 1468 775 prae-

233 799 346 873 teribo,
386 799 508 859 etiamsi
547 819 690 860 amarum
729 819 787 859 nos
827 799 1043 879 acerbumque
1082 799 1222 873 dicimus
1260 819 1322 860 nec
1361 800 1488 862 minus·

207 903 482 974 ⁶st0mach0sum,
504 904 674 980 rabiosum,
691 905 875 978 clamosum,
893 903 1060 980 difficilem,
1077 925 1233 986 asperum,
1257 926 1340 985 quae
1356 907 1470 969 omnia

233 1013 348 1073 irarum
366 1011 559 1073 differentiae
575 1021 656 1072 sunt.
702 1012 782 1071 inter
805 1010 864 1072 hos
881 1031 1045 1072 morosum
1069 1031 1170 1091 ponas
1185 1010 1266 1086 licet,
1291 1011 1468 1074 delicatum

233 1118 412 1180 iracundiae
436 1138 543 1197 genus.
591 1119 748 1197 quaedam
773 1119 856 1178 enim
880 1126 952 1178 sunt
975 1118 1051 1193 irae,
1079 1138 1161 1198 quae
1183 1118 1264 1179 intra
1287 1117 1468 1180 clamorem
1487 1132 1502 1186 3

234 1226 416 1286 considant:
454 1226 612 1304 quaedam
629 1244 694 1286 non
710 1225 812 1285 minus
828 1224 1004 1305 pertinaces
1021 1244 1117 1304 quam
1134 1223 1323 1304 frequentes,
1364 1245 1467 1305 quae-

234 1332 308 1392 dam
332 1351 446 1392 saeuae
469 1351 574 1405 manu,
598 1331 701 1391 uerbis
725 1332 891 1411 parciores
937 1332 1095 1410 quaedam
1119 1332 1150 1391 in
1173 1330 1345 1392 uerborum
1365 1330 1466 1393 male-

195 1449 219 1488 ¹0
233 1438 454 1518 dictorumque
485 1437 726 1499 amaritudinem
765 1436 889 1498 effusae.
935 1436 1092 1517 quaedam
1124 1437 1205 1498 ultra
1242 1436 1402 1516 querellas
1433 1445 1468 1498 et

232 1544 444 1606 auersationes
476 1564 540 1605 non
571 1552 698 1604 exeunt.
719 1545 902 1624 oquaedam
930 1543 1013 1604 altae
1041 1563 1219 1623 grauesque
1250 1552 1323 1604 sunt
1352 1552 1388 1604 et
1413 1544 1466 1604 in-

233 1659 352 1711 trorsus
376 1670 494 1711 uersae.
541 1649 625 1710 mille
648 1648 725 1711 aliae
748 1650 867 1729 species
891 1658 963 1710 sunt
986 1648 1060 1710 mali
1083 1648 1267 1730 multiplicis

321 1755 362 1819 V.
409 1755 495 1836 Quid
519 1765 601 1817 esset
632 1757 676 1817 ira
707 1757 884 1839 quaesitum
909 1764 965 1830 est,
997 1776 1037 1817 an
1060 1755 1090 1816 in
1114 1755 1211 1816 ullum
1236 1756 1319 1817 aliud
1344 1754 1503 1817 animall

231 1883 327 1945 quam
360 1864 391 1924 in
422 1862 585 1924 hominem
617 1864 761 1936 caderet,
797 1883 861 1943 quo
893 1863 934 1923 ab
966 1862 1125 1924 iracundia
1156 1863 1288 1924 distaret
1318 1871 1352 1923 et
1382 1872 1469 1943 quot

193 1988 217 2030 15
233 1971 297 2031 eius
320 1969 440 2051 species
465 1978 589 2031 essent:
623 1989 706 2029 nunc
737 1988 936 2049 quaeramuS,
968 1989 1009 2030 an
1039 1970 1084 2030 ira
1106 1969 1280 2030 secundum
1311 1978 1468 2030 naturam

231 2077 270 2137 sit
294 2085 326 2136 et
349 2097 389 2137 an
413 2075 493 2137 utilis
516 2085 611 2155 atque
634 2096 676 2136 ex
700 2074 802 2154 aliqua
825 2084 916 2156 parte
938 2075 1109 2136 retinenda.
1483 2058 1486 2065 ’

321 2182 376 2243 An
406 2181 580 2242 secundum
612 2190 755 2242 naturam
784 2182 824 2242 sit
855 2180 1054 2243 manifestum
1079 2181 1145 2255 erit,
1176 2181 1202 2242 si
1224 2180 1392 2264 hominem
1416 2182 1503 2242 in-2

231 2289 448 2370 spexerimus:
475 2308 539 2368 quo
563 2287 638 2368 quid
663 2296 711 2349 est
734 2287 847 2362 mitius,
871 2289 948 2348 dum
971 2288 1002 2348 in
1026 2296 1114 2348 recto
1138 2287 1232 2348 animi
1255 2285 1369 2348 habitu
1394 2291 1466 2349 est?

232 2395 308 2476 quid
340 2402 446 2455 autem
482 2394 526 2454 ira
556 2392 711 2454 crudelius
739 2396 806 2454 est?
853 2393 928 2473 quid
959 2392 1088 2453 homine
1117 2392 1249 2455 aliorum
1281 2394 1466 2457 amantius?

191 2503 306 2584 mquid
329 2502 374 2562 ira
401 2501 557 2562 infestius?
603 2498 702 2560 homo
733 2500 763 2560 in
791 2500 981 2560 adiutorium
1013 2509 1157 2560 mutuum
1185 2500 1309 2579 genitus
1333 2508 1394 2576 est,
1418 2503 1468 2562 ira

231 2610 261 2670 in
285 2608 424 2669 exitium.
471 2606 521 2668 hic
549 2607 734 2686 congregari
758 2605 833 2680 uult,
857 2605 909 2666 illa
932 2605 1102 2667 discedere.
1148 2604 1198 2668 hic
1221 2609 1388 2687 prodesse,
1410 2607 1467 2670 illa

230 2734 354 2776 nocere.
401 2713 451 2774 hic
475 2714 570 2773 etiam
594 2713 710 2792 ignotis
726 2731 915 2786 succurrere,
939 2711 990 2773 illa
1007 2714 1102 2774 etiam
1119 2713 1297 2774 carissimos
1312 2715 1465 2794 perdere.

230 2820 281 2881 hic
304 2819 434 2880 aliorum
456 2819 634 2879 commodis
659 2818 709 2879 uel
732 2818 905 2898 inpendere
927 2829 1104 2900 separatus
1128 2828 1184 2894 est,
1208 2819 1260 2881 illa
1282 2808 1462 2901 in‘pericu-

230 2927 305 3001 lum,
336 2926 514 2987 dummodo
538 2924 690 2999 deducat,
723 2925 925 2985 descendere.
973 2927 1041 3005 quis
1073 2945 1149 3006 ergo
1181 2928 1282 3007 magis
1313 2927 1495 2990 naturam3

191 3061 217 3101 25
232 3035 357 3114 ignorat
380 3052 484 3093 rerum
508 3052 604 3111 quam
628 3031 680 3111 qui
703 3031 826 3112 optimo
851 3032 916 3092 ei'us
940 3031 1028 3112 operi
1052 3040 1084 3092 et
1113 3033 1374 3096 emendatissimo
1397 3033 1463 3097 hoc

231 3140 332 3201 ferum
364 3159 400 3199 ac
435 3139 645 3219 perniciosum
676 3139 785 3198 uitium
816 3137 983 3217 adsignat?
1021 3141 1077 3212 ira,
1115 3146 1149 3198 ut
1179 3139 1334 3214 diximus,
1367 3142 1461 3202 auida

149 3270 154 3280 ·
230 3264 354 3326 poenae
385 3253 441 3317 est,
474 3244 558 3305 cuius
590 3244 768 3324 cupidinem
799 3246 900 3305 inesse
931 3245 1133 3323 pacatissimo
1169 3242 1306 3307 hominis
1337 3249 1460 3327 pectori

234 3351 365 3412 minime
388 3351 563 3411 secundum
587 3351 651 3411 eius
675 3359 819 3411 naturam
844 3358 899 3410 est
946 3349 1104 3412 beneficiis
1128 3352 1209 3412 enim
1234 3350 1376 3414 humana
1399 3353 1459 3414 uita

233 3466 358 3519 constat
390 3465 422 3516 et
456 3456 639 3531 concordia,
670 3477 729 3516 nec
759 3465 879 3517 terrore
911 3457 969 3516 sed
1000 3466 1112 3518 mutuo
1143 3478 1253 3519 amore
1273 3435 1315 3519 'in
1346 3457 1454 3522 foedus

191 3585 218 3627 ao
233 3562 447 3642 auxiliumque
472 3582 641 3643 commune
666 3562 896 3642 constringitur.

234 3722 247 3773 l
267 3722 398 3771 iracundus
417 3727 496 3785 potest
516 3718 653 3779 Muretus:
675 3693 914 3786 iracundusfipotest
1021 3720 1037 3773 2
1057 3723 1123 3785 apud
1142 3721 1170 3788 (d
1189 3736 1227 3774 ex
1245 3727 1255 3771 t
1273 3722 1358 3790 corr.)

730 3812 743 3839 0

232 3846 401 3909 3distingunt
498 3852 555 3909 aput
645 3845 766 3896 ssmorsr'l
786 3845 812 3911 (o
832 3861 865 3898 m.
880 3844 938 3913 pr.)
1046 3844 1212 3896 &considant
1232 3845 1296 3911 (non
1316 3848 1529 3941 concidanffl)

233 3934 293 3990 cod.
314 3931 350 4001 cf.
372 3931 406 3985 de
425 3931 482 3986 ben.
502 3935 526 3995 3,
547 3936 589 3995 23,
610 3936 624 3984 2
645 3936 725 3983 donec
744 3935 840 3983 hostilis
864 3934 901 3983 ira
920 3935 1060 3983 consideret
1175 3933 1208 3986 10
1226 3936 1347 3998 querellas

234 4041 265 4093 11
286 4041 451 4090 auersationes
469 4037 524 4091 El:
546 4042 728 4090 aduersationes
837 4041 868 4093 13
889 4041 947 4090 aliut
1062 4039 1094 4092 14
1113 4022 1148 4106 (1(,1
1167 4055 1307 4110 superscr.
1326 4049 1353 4092 ot

233 4146 266 4199 16
286 4149 345 4211 adq;
467 4145 500 4198 18
518 4128 557 4213 qd
576 4161 715 4216 ricperscr.
735 4164 768 4195 o·
867 4148 953 4196 habitu
973 4145 1049 4200 dett:
1070 4148 1169 4196 habitus
1285 4147 1317 4200 19
1336 4151 1399 4214 quid
1416 4147 1518 4213 Q,

232 4239 298 4286 mine
317 4235 381 4288 dett.
400 4233 562 4288 Pincianus:
589 4237 690 4284 homine
785 4234 819 4288 22
839 4238 941 4299 perdere
959 4234 1065 4288 Haase:
1087 4242 1169 4301 petere
1265 4236 1299 4288 23
1320 4251 1433 4289 commo
1503 4237 1530 4296 q·

232 4323 287 4376 Ei:
309 4326 448 4374 incor‘nodis
538 4325 657 4388 inpddere
674 4340 700 4372 se
721 4325 757 4390 (se
775 4324 801 4376 rit
821 4325 888 4390 ras.)
962 4324 995 4376 ‘25
1017 4338 1030 4387 7
1050 4325 1251 4374 emendatissimo
1271 4325 1298 4391 (7
1317 4343 1332 4376 e
1351 4327 1380 4380 in
1392 4336 1524 4385 νέης,

340 4430 373 4482 2ῖ
393 4447 456 4494 pene
569 4411 719 4494 cupidilnem
739 4432 758 4493 (t
778 4429 830 4485 del.
850 4447 883 4482 m.
900 4430 956 4499 pr.)
1071 4431 1105 4484 21)
1124 4432 1219 4495 inferius
