3046 5092
151 322 215 386 236
376 318 456 362 DIAL,
464 317 493 361 Χ.
522 319 564 358 AD
579 319 733 360 PAVLINVM
750 320 788 360 DE
803 320 973 360 BREVITATE
988 321 1086 362 VITAE.
1119 323 1150 364 13.

150 485 231 545 quae
253 465 319 526 siue
335 466 504 539 contineas,
529 464 602 525 nihil
618 465 746 527 tacitam
763 465 986 528 conscientiam
1003 467 1117 540 iuuant,
1141 467 1207 527 siue
1223 466 1376 546 proferas,

151 592 214 633 non
238 572 362 633 doctior
385 571 525 645 uidearis,
550 572 606 632 sed
630 570 802 633 molestior.
848 593 921 634 ecce
939 573 1105 634 Romanos
1120 593 1249 656 quoque
1264 573 1378 634 inuasit
1396 592 1410 639 :t

151 679 242 739 inane
271 678 409 770 studium
440 698 633 758 superuacua
664 679 822 747 discendi:
861 679 908 741 his
940 679 1050 741 diebus
1081 681 1186 741 audiui
1217 680 1378 762 quendam

152 782 355 859 referentem,
391 806 472 867 quae
502 786 619 865 primus
650 786 780 866 quisque
811 807 853 847 ex
884 787 1037 848 Romanis
1069 785 1200 847 ducibus
1231 784 1376 848 fecisset:

125 891 270 971 bprimus
305 891 406 954 nauali
437 891 557 973 proelio
588 891 709 953 Duilius
741 893 829 967 uicit,
865 893 984 974 primus
1017 891 1126 954 Curius
1158 892 1319 954 Dentatus
1349 893 1379 953 in

152 998 312 1079 triumpho
337 999 427 1060 duxit
451 998 646 1079 elephantos.
694 999 872 1060 etiamnunc
893 999 958 1072 ista,
983 999 1041 1089 etsi
1057 999 1099 1060 ad
1117 1019 1225 1060 ueram
1242 998 1378 1079 gloriam

152 1126 216 1166 non
251 1107 399 1180 tendunt,
436 1106 517 1167 circa
552 1104 684 1166 ciuilium
721 1114 828 1166 tamen
860 1124 992 1186 operum
1024 1104 1173 1186 exempla
1204 1115 1379 1168 uersantur.

152 1232 216 1272 non
247 1220 296 1273 est
325 1211 488 1293 profutura
518 1211 587 1273 talis
617 1212 761 1286 scientia,
794 1219 843 1273 est
873 1220 999 1299 tamen,
1029 1232 1112 1292 quae
1144 1232 1203 1273 nos
1234 1213 1381 1294 speciosa

153 1340 257 1380 rerum
294 1319 431 1380 uanitate
464 1319 612 1380 detineat.
666 1317 729 1380 hoc
760 1339 887 1399 quoque
918 1318 1140 1399 quaerentibus
1171 1319 1379 1392 remittamus,
1397 1333 1428 1386 4

116 1426 221 1506 loquis
252 1425 405 1487 Romanis
435 1426 554 1506 primus
586 1425 774 1505 persuaserit
805 1445 920 1486 nauem
952 1425 1175 1486 conscendere.
1230 1423 1380 1487 Claudius

153 1531 273 1606 isfuit,
297 1530 429 1593 Caudex
453 1532 497 1593 ob
520 1531 583 1593 hoc
606 1533 708 1612 ipsum
732 1530 922 1612 adpellatus,
946 1532 1019 1612 quia
1042 1530 1176 1611 plurium
1200 1530 1379 1592 tabularum

154 1647 323 1700 contextus
356 1640 481 1700 caudex
509 1639 594 1721 apud
626 1638 771 1718 antiquos
800 1646 946 1711 uocatur,
978 1638 1062 1699 unde
1085 1636 1230 1718 publicae
1254 1636 1380 1699 tabulae

154 1746 279 1806 codices
310 1746 454 1807 dicuntur
485 1753 517 1806 et
546 1765 641 1807 naues
670 1765 752 1806 nunc
774 1765 902 1825 quoque
926 1764 968 1805 ex
992 1744 1120 1825 antiqua
1143 1745 1380 1818 consuetudine,

154 1873 235 1933 quae
259 1860 455 1914 commeatus
479 1873 536 1934 per
551 1851 691 1913 Tiberim
708 1850 895 1925 subuehunt,
921 1852 1096 1912 codicariae
1112 1858 1274 1912 uocantur.
1306 1866 1409 1917 sanes

117 1971 140 2011 ¹⁵
155 1967 187 2019 et
209 1958 272 2020 hoc
294 1959 336 2020 ad
357 1977 424 2033 rem
440 1959 604 2039 pertineat,
627 1959 714 2039 quod
730 1956 875 2019 Valerius
892 1956 1045 2019 Coruinus
1061 1958 1179 2037 primus
1196 1956 1380 2018 Messanam

155 2066 226 2127 uicit
250 2074 281 2127 et
304 2066 423 2146 primus
446 2086 488 2126 ex
512 2064 628 2126 familia
651 2063 852 2126 Valeriorum
876 2063 960 2125 urbis
984 2071 1097 2144 captae
1119 2064 1150 2124 in
1170 2083 1206 2124 se
1227 2061 1380 2125 translato

155 2173 283 2233 nomine
321 2171 468 2234 Messana
505 2170 681 2251 adpellatus
720 2179 768 2232 est
803 2169 1018 2251 paulatimque
1049 2168 1147 2249 uolgo
1178 2178 1381 2250 permutante

155 2278 273 2340 litteras
305 2277 453 2339 Messalla
485 2277 601 2339 dictus:
635 2296 711 2338 num
743 2286 776 2339 et
806 2277 868 2338 hoc
899 2277 1043 2357 cuiquam
1075 2296 1184 2338 curare
1207 2278 1414 2356 permitte’s,ss

155 2387 243 2466 quod
274 2386 391 2467 primus
415 2385 450 2446 L.
475 2383 560 2446 Sulla
591 2386 621 2445 in
650 2384 732 2446 circo
756 2383 863 2445 leones
887 2383 1010 2445 solutos
1035 2383 1139 2456 dedit,
1170 2403 1244 2444 cum
1268 2382 1384 2463 alioqui
1411 2437 1414 2441 ,

115 2504 141 2543 2⁰
156 2491 285 2572 adligati
309 2493 473 2566 darentur,
497 2493 538 2552 ad
562 2490 776 2553 conficiendos
800 2512 856 2552 eos
880 2491 980 2552 missis
1004 2509 1022 2550 a
1045 2508 1121 2569 rege
1145 2488 1277 2551 Boccho
1300 2489 1382 2551 iacu-

156 2598 327 2661 latoribus?
351 2608 399 2661 ·et
428 2599 491 2660 hoc
522 2620 597 2660 sane
628 2599 824 2662 remittatur:
858 2617 934 2658 num
966 2605 998 2657 et
1026 2596 1214 2677 Pompeium
1244 2575 1392 2676 primum*

155 2707 186 2767 in
222 2707 304 2768 circo
342 2705 581 2788 elephantorum
618 2705 836 2785 duodeuiginti
867 2718 1007 2785 pugnam
1039 2703 1175 2764 edidisse
1206 2703 1386 2765 commissis

157 2834 246 2875 more
277 2811 386 2895 proelii
416 2812 550 2873 innoxiis
581 2811 761 2873 hominibus
793 2811 834 2871 ad
865 2808 959 2872 ullam
992 2829 1059 2870 rem
1083 2808 1202 2870 bonam
1226 2809 1386 2889 pertinet?

157 2922 301 3002 princeps
340 2919 472 2980 ciuitatis
503 2927 536 2980 et
566 2919 646 2979 inter
675 2918 820 2999 antiquos
851 2917 1021 2998 principes,
1063 2925 1098 2978 ut
1130 2914 1215 2986 lama
1245 2915 1388 2989 tradidit,

118 3036 143 3076 ²⁵
158 3027 308 3088 bonitatis
333 3026 475 3100 eximiae,
499 3024 707 3087 memorabile
730 3025 853 3105 putauit
876 3022 1045 3104 spectaculi
1069 3042 1168 3102 genus
1191 3042 1278 3084 nouo
1294 3042 1390 3084 more

158 3134 292 3215 perdere
323 3132 475 3194 homines
529 3134 733 3213 depugnant?
774 3150 885 3211 parum
917 3138 972 3192 est.
1027 3129 1241 3191 lancinantur?
1272 3149 1390 3210 parum

161 3311 173 3360 1
202 3311 264 3358 nihil
288 3311 388 3358 tacitam
414 3280 703 3374 cons'cientiam'iuuant]
728 3304 764 3374 cf.
784 3304 852 3359 Hor.
873 3321 953 3358 serm.
975 3309 998 3372 1,
1019 3309 1043 3372 6,
1064 3305 1115 3356 122
1135 3311 1176 3354 aut
1194 3320 1242 3369 ego
1262 3305 1328 3353 lecto
1349 3310 1392 3354 aut

160 3454 253 3517 scripto
266 3453 333 3517 quod
346 3468 386 3500 me
400 3452 501 3500 tacitum
514 3452 579 3500 iuuet
669 3448 733 3500 2set
823 3407 948 3501 3discl¹di
1038 3423 1118 3496 audim
1207 3445 1392 3499 ‘ireierentem

162 3541 212 3608 (em
226 3540 253 3592 in
267 3538 334 3606 ras.)
426 3539 441 3592 5
464 3539 650 3605 pr91i0.dullius
668 3536 729 3591 cod.
748 3534 1014 3606 eadem·corraptela
1027 3532 1104 3605 apud
1119 3533 1180 3589 Tac.
1194 3535 1222 3586 in
1236 3531 1309 3588 Med.
1324 3550 1392 3590 ann.

162 3633 187 3694 2,
206 3633 256 3685 49;
278 3628 315 3697 cs.
335 3626 484 3683 Mommsen
503 3628 584 3681 inser.
604 3625 658 3679 nol.
680 3630 691 3678 1
709 3643 740 3697 p.
754 3629 787 3677 39
877 3626 893 3678 6
913 3627 965 3691 glm
984 3622 1093 3677 addidit
1107 3639 1141 3679 m.
1156 3626 1171 3675 2
1184 3622 1394 3692 infineuersus

357 3730 398 3756 nos

228 3778 230 3782 ’
269 3754 286 3806 8
310 3771 356 3820 que
501 3753 533 3804 ll
560 3752 697 3817 appellatus
801 3752 834 3803 12
858 3752 925 3815 apud
944 3749 971 3817 (d
991 3748 1074 3816 corr.)
1182 3747 1213 3800 13
1240 3765 1269 3797 ex
1288 3751 1394 3812 antiqua

162 3915 344 3972 consuetudine,
357 3930 420 3978 quae
433 3911 556 3981 Lipsius:
578 3929 624 3977 quc·
638 3913 766 3976 exantiqua
779 3911 952 3960 cousuetudine
1030 3908 1062 3960 14
1077 3852 1229 3977 commeatui⁴
1240 3837 1319 3956 tsliillble
1331 3909 1396 3957 hunt

269 4014 394 4118 coilicarie
414 4055 439 4119 (o
453 4054 480 4106 ira
494 4072 508 4102 a
521 4007 689 4120 comp-{icantur
714 4051 746 4104 ’17
766 4053 902 4117 appellatus
992 4050 1066 4114 uulgo
1158 4046 1192 4100 18
1218 4047 1335 4098 messalla
1355 4048 1396 4116 (in

162 4162 248 4216 nrarp.
267 4162 300 4199 m.
321 4148 337 4195 4
358 4161 379 4198 c.
399 4144 515 4207 messala)
607 4141 639 4194 19
660 4143 694 4193 .l.
716 4142 777 4205 sylla
868 4142 960 4205 alioqui
979 4140 1071 4188 allicati
1161 4135 1196 4190 20
1215 4136 1397 4188 iaculatoribus

718 4258 722 4268 .
789 4228 793 4264 ι

163 4287 225 4341 olim
245 4303 333 4341 corn:
355 4288 512 4336 iaculatorius
603 4283 637 4336 ‘22
657 4227 843 4347 duoldiiiglnti
862 4280 1012 4348 (suprascr.
1033 4296 1067 4332 m.
1086 4279 1152 4344 rec.)
1242 4277 1277 4330 23
1303 4281 1398 4342 praelii

440 4393 445 4402 ¹
463 4387 470 4412 l
521 4385 527 4411 l

164 4431 267 4480 innoxiis
288 4427 383 4483 Gertz:
405 4413 540 4493 prplinoxis
559 4425 596 4495 (in
615 4441 702 4494 marp.
723 4441 755 4476 m.
776 4428 807 4482 l;
829 4425 873 4487 plii
891 4422 980 4487 noxiis)
