3046 5092
245 316 305 377 174
465 308 545 352 DlAL.
556 309 605 350 VII.
635 308 675 350 AD
691 307 868 350 GALLIONEM
884 307 924 348 DE
938 308 1011 348 VITA
1025 308 1131 350 BEATA.
1159 309 1195 352 20.
1209 310 1262 352 lla

242 457 339 518 sciam
364 463 396 517 et
418 455 579 535 praesides
602 455 689 516 deos.
735 453 795 516 hos
828 473 922 533 supra
944 474 997 515 me
1020 457 1164 534 circaque
1187 475 1239 516 me
1262 463 1345 516 stare
1369 452 1468 516 sacto-

242 584 311 625 rum
335 562 553 642 dictorumque
577 580 730 622 censores
763 561 955 640 quandoque
978 568 1032 621 aut
1055 568 1166 622 natura
1188 561 1330 642 spiritum
1346 569 1472 642 repetet

243 678 297 732 aut
320 671 399 732 ratio
424 669 570 742 dimittet,
594 675 728 729 testatus
752 666 848 728 exibo
872 666 992 727 bonam
1016 686 1068 727 me
1091 667 1316 729 conscientiam
1336 687 1472 742 amasse,

243 776 329 837 bona
351 777 464 850 studia,
488 773 600 836 nullius
622 794 679 855 per
702 794 754 835 me
778 772 956 835 libertatem
975 773 1178 848 deminutam,
1203 776 1332 835 minime
1357 793 1473 836 meam.

217 885 295 963 aqui
327 882 406 944 haec
429 880 533 943 facere
555 888 729 960 proponet,
761 879 862 954 uolet,
894 878 1081 960 temptabit,
1111 880 1152 941 ad
1176 880 1256 942 deos
1278 883 1338 942 iter
1361 877 1471 942 faciet:

243 1009 303 1051 nae
325 986 385 1063 ille,
409 988 617 1050 etiamsinon
641 987 783 1061 tenuerit,

625 1098 735 1170 stagnis
757 1103 851 1152 tamen
874 1096 983 1152 excidet
1003 1097 1089 1154 ausis.

245 1222 303 1263 uos
334 1202 479 1281 quidem,
512 1201 600 1281 quod
630 1203 780 1262 uirtutem
812 1197 1029 1280 cultoremque
1053 1201 1117 1261 eius
1141 1201 1269 1275 odistis,
1301 1199 1377 1263 nihil
1401 1203 1476 1263 noui
1495 1210 1520 1262 6-

245 1307 353 1371 sacitis.
397 1328 470 1369 nam
495 1316 527 1369 et
550 1306 650 1368 solem
674 1305 791 1368 lumina
814 1326 909 1386 aegra
932 1304 1103 1368 formidant
1126 1315 1158 1368 et
1182 1316 1367 1370 auersantur
1391 1293 1478 1370 diem

207 1433 231 1474 ro
245 1414 447 1495 splendidum
473 1422 629 1476 nocturna
651 1412 805 1488 animalia,
828 1433 909 1494 quae
933 1413 974 1474 ad
990 1414 1127 1493 primum
1144 1416 1208 1475 eius
1224 1423 1329 1477 ortum
1346 1423 1479 1496 stupent

246 1531 278 1584 et
310 1519 441 1583 latibula
470 1542 527 1584 sua
557 1521 673 1601 passim
705 1528 833 1602 petunt,
867 1518 1026 1581 abduntur
1048 1522 1079 1582 in
1103 1520 1221 1602 aliquas
1245 1512 1339 1583 rimas
1365 1523 1480 1584 timida

244 1627 329 1690 lucis,
375 1631 494 1708 gemite
529 1637 561 1689 et
597 1626 751 1689 infelicem
781 1625 920 1707 linguam
953 1627 1112 1689 bonorum
1144 1638 1295 1710 exercete
1324 1631 1479 1704 conuicio,

246 1733 350 1810 hiate,
373 1735 599 1797 conmordete:
627 1736 716 1796 citius
740 1734 841 1795 multo
864 1733 1014 1812 frangetis
1038 1735 1149 1797 dentes
1172 1755 1268 1816 quam
1291 1735 1478 1816 inprimetis.

239 1907 242 1911 ,
336 1841 422 1903 ΧΧΙ.
471 1839 578 1922 Quare
608 1839 657 1901 ille
688 1839 905 1921 philosophiae
935 1839 1092 1903 studiosus
1123 1849 1171 1902 est
1195 1850 1227 1903 et
1249 1850 1359 1904 tamen
1389 1843 1478 1905 diues
1498 1867 1520 1874 -

208 1967 233 2007 15
248 1951 345 2011 uitam
368 1951 455 2028 agit?
480 1967 577 2028 quare
601 1966 679 2026 opes
703 1947 952 2008 contemnendas
977 1947 1052 2008 dicit
1075 1955 1108 2008 et
1128 1947 1245 2009 habet?
1277 1932 1377 2011 uitam
1402 1969 1477 2012 con-

245 2056 450 2118 temnendam
481 2061 571 2136 putat
600 2061 764 2115 ettamen
787 2053 882 2115 uiuit?
914 2055 1127 2116 ualetudinem
1151 2056 1422 2118 contemnendam
1447 2066 1479 2118 et

246 2172 353 2225 tamen
377 2159 461 2223 illam
479 2160 714 2240 diligentissime
730 2168 835 2222 tuetur
851 2169 945 2240 atque
961 2161 1116 2242 optimam
1133 2161 1272 2223 mauult?
1297 2172 1330 2225 et
1346 2162 1477 2226 exilium

247 2288 362 2330 uanum
386 2288 504 2329 nomen
527 2274 618 2349 putat
642 2276 673 2328 et
696 2267 757 2328 ait:
789 2266 864 2348 quid
885 2258 971 2329 'enim
995 2276 1043 2330 est
1067 2266 1140 2330 mali
1162 2277 1285 2330 mutare
1308 2271 1476 2351 regiones?

248 2385 280 2438 et
307 2375 430 2450 tamen,
461 2373 597 2449 silicet,
628 2374 762 2435 senescit
785 2375 815 2435 in
838 2375 958 2454 patria?
990 2384 1022 2438 et
1045 2376 1125 2437 inter
1147 2374 1270 2457 longius
1293 2385 1423 2459 tempus
1446 2387 1478 2440 et

207 2499 233 2540 ao
247 2483 373 2546 breuius
396 2481 471 2546 nihil
494 2483 644 2545 interesse
667 2483 791 2556 iudicat,
815 2491 846 2545 et
869 2490 986 2558 tamen,
1010 2483 1035 2544 si
1058 2482 1133 2545 nihil
1149 2483 1305 2564 prohibet,
1330 2486 1478 2549 extendit

248 2599 386 2653 aetatem
417 2599 450 2652 et
478 2591 508 2650 in
539 2588 637 2651 multa
666 2597 829 2651 senectute
858 2590 1000 2670 placidus
1032 2590 1131 2651 uiret?
1178 2592 1221 2653 ait
1260 2591 1320 2653 ista
1360 2591 1507 2654 deberet

248 2698 415 2772 contemni,
439 2717 512 2771 non,
536 2717 576 2758 ne
598 2696 724 2771 habeat,
749 2697 806 2758 sed
830 2717 870 2759 ne
893 2695 1041 2759 sollicitus
1065 2685 1190 2760 habeat.
1228 2718 1294 2759 non
1313 2697 1414 2780 abigit
1429 2698 1478 2760 illa

248 2825 334 2879 ase,
356 2804 412 2866 sed
436 2804 583 2865 abeuntia
606 2823 732 2865 securus
755 2804 960 2885 prosequitur.
1007 2804 1129 2866 diuitias
1153 2805 1281 2886 quidem
1305 2804 1360 2867 ubi
1383 2808 1479 2868 tutius

249 2911 375 2973 fortuna
399 2912 538 2992 deponet
561 2930 657 2990 quam
681 2909 738 2984 ibi,
771 2911 854 2972 unde
877 2911 943 2972 sine
967 2910 1105 2991 querella
1127 2912 1289 2974 reddentis
1312 2922 1480 2996 receptura

209 3033 235 3072 2⁶
249 3021 318 3080 est?
357 3017 399 3081 M.
433 3015 514 3079 Cato
553 3037 625 3078 cum
663 3015 806 3079 laudaret
838 3014 966 3107 Curium
1004 3027 1037 3080 et
1069 3017 1300 3082 Coruncanium
1340 3029 1373 3084 et
1404 3019 1511 3083 illudi

249 3123 424 3198 saeculum,
456 3124 486 3184 in
517 3144 580 3204 quo
605 3124 781 3185 censorium
806 3124 923 3185 crimen
947 3134 1014 3187 erat
1036 3145 1156 3206 paucae
1180 3126 1303 3207 argenti
1325 3125 1480 3204 lamellae,

249 3231 435 3312 possidebat
469 3231 535 3312 ipse
571 3230 759 3311 quadragies
789 3231 984 3306 sestertium,
1010 3209 1127 3294 ’minus
1157 3232 1223 3294 sine
1253 3232 1352 3295 dubio
1381 3255 1480 3316 quarn

251 3336 390 3413 Crassus,
413 3337 483 3420 plus
506 3357 602 3418 quam
628 3336 794 3400 Censorius
812 3337 902 3401 Cato.
933 3339 1053 3401 maiore
1075 3339 1187 3421 spatio,
1209 3341 1236 3402 si
1258 3324 1512 3422 conparentur‚⁰·

253 3658 437 3721 1circaq;a·
504 3656 639 3721 2quando
657 3672 704 3723 que
724 3655 859 3724 (queinq5
879 3657 954 3725 mut.)
1045 3656 1159 3709 tmea*
1228 3602 1386 3710 1oadde0s-

251 3745 268 3800 7
288 3747 383 3796 excidet
402 3741 565 3798 Pincianus:
587 3747 675 3796 excidit
765 3745 782 3799 8
802 3748 967 3813 cultoremque
1057 3746 1149 3799 9nam
1171 3747 1264 3797 isolem
1360 3746 1393 3801 13
1412 3751 1484 3801 hiate

251 3833 441 3906 Bonqarsius:
462 3836 542 3884 hisate
562 3834 600 3900 (in
619 3833 740 3905 margine
758 3837 792 3888 ni.
812 3839 828 3888 4
847 3837 942 3898 hiscite,
968 3853 1002 3889 m.
1021 3839 1036 3888 5
1057 3837 1088 3888 al.
1108 3837 1205 3902 instate)
1333 3840 1484 3890 comordete

251 3924 294 3994 (co
314 3925 341 3976 in
360 3939 425 3988 ras„
445 3930 525 3976 antea
541 3921 663 3991 fortasse
682 3924 739 3988 con)
832 3923 866 3976 14
890 3931 1014 3976 ettamen
1033 3923 1141 3978 Haase:
1168 3930 1191 3974 et
1211 3931 1261 3974 tam
1360 3925 1394 3979 15
1420 3945 1483 3978 con·

251 4016 394 4064 temnendos
413 4012 514 4082 Neap.:
536 4014 712 4063 contemnebas
731 4013 768 4077 (in
787 4029 874 4083 marg.
888 4030 922 4066 m.
936 4018 952 4067 4
966 4015 1166 4081 contemnendas)
1261 4013 1294 4067 16
1313 4015 1483 4068 ualetudinem

253 4100 460 4208 contemnenddiri
480 4156 629 4225 (suprascr.
647 4171 681 4211 m.
701 4157 765 4223 rec.)
858 4155 891 4210 18
915 4163 984 4222 putat
1003 4157 1165 4232 deteriores:
1190 4163 1277 4222 putant
1371 4120 1484 4224 regionis

252 4246 271 4312 (i
290 4246 318 4298 in
336 4264 350 4296 e
369 4246 453 4312 corr.)
562 4243 597 4296 20
620 4250 644 4294 et
663 4249 745 4293 tamen
765 4240 896 4315 Maduiq:
923 4251 1006 4296 tamen
1114 4244 1147 4298 24
1172 4247 1259 4296 unde*
1372 4249 1485 4312 querella

252 4333 351 4401 (altero
369 4336 378 4383 l
397 4333 496 4400 deleta)
604 4331 637 4386 25
663 4333 724 4382 illud
742 4331 840 4403 uulgo:
868 4334 938 4383 illiud
957 4334 984 4400 (d
1003 4348 1133 4402 cornstx
1151 4335 1170 4401 t)
1281 4333 1316 4388 26
1342 4338 1485 4387 censorium

252 4421 350 4493 rtulqoz
371 4441 416 4474 nec
435 4424 526 4472 sorium
