3046 5092
242 323 306 385 270
389 320 467 363 DIAL.
483 319 523 362 XI.
552 321 593 360 ΑΙ)
610 320 746 360 HELvtaM
761 320 892 361 MATREM
909 321 948 360 DE
963 319 1206 364 CONSOLATlONE.
1236 322 1269 363 19.
1284 321 1318 362 20.

241 467 373 528 maritus
396 465 461 528 eius
485 466 626 548 optinuit,
651 487 823 546 numquam
847 466 877 528 in
897 465 1025 548 publico
1041 475 1212 547 conspecta
1227 476 1284 541 est,
1308 466 1468 528 neminem

240 572 463 653 prouincialem
489 575 621 635 domum
645 594 735 635 suam
759 575 901 648 admisit,
933 573 1007 635 nihil
1030 595 1049 635 a
1072 574 1138 636 uiro
1162 573 1269 654 petiit,
1294 572 1371 634 nihil
1393 593 1414 634 a
1436 593 1470 634 se

240 681 305 759 peti
339 699 433 763 passa
470 689 525 741 est.
587 681 692 760 itaque
723 679 842 760 loquax
874 689 906 741 et
936 681 966 741 in
997 680 1203 742 contumelias
1233 679 1469 761 praefectorum

240 787 403 866 ingeniosa
434 787 609 867 prouincia,
648 787 677 847 in
708 806 771 866 qua
802 788 897 848 etiam
929 790 981 868 qui
1013 789 1191 849 uitauerunt
1221 786 1367 867 culpam,
1405 806 1469 847 non

214 892 417 970 seffugerunt
448 892 624 968 infamiam,
646 893 742 954 ¹uelut
771 893 894 954 unicum
919 894 1091 955 sanctitatis
1115 893 1299 974 exemplum
1324 896 1471 973 suspexit

241 1008 289 1073 et,
320 1000 409 1078 quod
440 998 479 1059 illi
512 997 727 1060 difficillimum
752 1008 816 1074 est,
849 1000 897 1060 cui
920 1000 1014 1061 etiam
1039 999 1203 1079 periculosi
1227 998 1309 1061 sales
1333 998 1470 1080 placent,

241 1125 371 1165 omnem
396 1105 565 1166 uerborum
590 1104 746 1166 licentiam
771 1107 924 1167 continuit
948 1115 980 1167 et
1002 1104 1097 1167 hodie
1120 1097 1254 1168 similem
1278 1105 1334 1179 illi,
1359 1126 1469 1186 quam-

240 1211 286 1271 uis
310 1231 485 1292 numquam
507 1222 621 1294 speret,
645 1232 772 1291 semper
795 1220 895 1291 optat.
942 1211 1076 1274 multum
1101 1222 1176 1286 erat,
1200 1213 1225 1274 si
1248 1233 1305 1293 per
1329 1213 1473 1273 sedecim

241 1338 341 1379 annos
370 1316 452 1379 illam
477 1298 637 1398 prouincia
660 1318 845 1398 probasset:
882 1318 951 1398 plus
975 1328 1038 1392 est,
1066 1320 1154 1399 quod
1177 1320 1344 1397 ignorauit.
1392 1320 1507 1386 haec?

203 1443 226 1482 n
241 1446 304 1486 non
328 1423 399 1485 ideo
423 1423 541 1499 refero,
573 1433 607 1484 ut
630 1422 739 1484 laudes
763 1425 827 1485 eius
851 1444 1005 1504 exequar,
1037 1445 1115 1506 quas
1139 1425 1398 1488 circumscribere
1421 1434 1470 1487 est

240 1542 307 1593 tam
329 1551 423 1612 parce
438 1539 658 1605 transcurrere,
682 1532 740 1592 sed
756 1539 790 1592 ut
806 1530 969 1611 intellegas
986 1534 1092 1611 magni
1109 1533 1204 1593 animi
1220 1553 1291 1594 esse
1307 1532 1467 1603 feminam,

240 1658 336 1718 quam
361 1657 423 1698 non
447 1637 589 1711 ambiti0,
613 1638 837 1712 nonauaritia,
861 1639 993 1699 comites
1009 1640 1111 1699 omnis
1126 1640 1287 1719 potentiae
1303 1648 1336 1703 et
1352 1648 1468 1721 pestes

241 1745 396 1817 uicerunt,
428 1764 492 1804 non
516 1753 619 1805 metus
644 1744 755 1826 mortis
777 1745 839 1805 iam
863 1753 1027 1806 exarmata
1051 1766 1131 1806 naue
1154 1745 1351 1826 naufragium
1375 1767 1468 1808 suum

240 1859 439 1932 spectantem
455 1849 613 1924 deterruit,
630 1870 694 1931 quo
711 1851 812 1912 minus
828 1852 966 1912 exanimi
982 1855 1049 1913 uiro
1066 1851 1198 1913 haerens
1215 1852 1279 1913 noh
1292 1862 1469 1934 quaereret,

203 1958 513 2037 isquemadmodum
530 1958 602 2019 inde
619 1958 729 2031 exiret,
746 1960 802 2018 sed
819 1960 1091 2038 quemadmodum
1108 1959 1240 2020 efferret.
1269 1957 1342 2020 huic
1356 1980 1470 2040 parem
1510 1960 1512 1964 ’

146 2070 148 2074 ’
241 2067 390 2125 uirtutem
415 2062 568 2124 exhibeas
592 2072 722 2144 oportet
745 2073 778 2126 et
801 2066 938 2126 animum
964 2086 983 2126 a
1005 2066 1091 2126 luctu
1116 2066 1245 2145 recipias
1269 2075 1302 2128 et
1326 2068 1356 2126 id
1382 2087 1472 2146 agaS,

240 2191 281 2232 ne
304 2173 373 2251 quis
396 2178 429 2230 te
452 2178 543 2251 putet
565 2179 674 2251 partus
698 2171 743 2232 tui
766 2173 933 2251 paenitere.

333 2276 405 2338 XX.
435 2275 583 2337 Ceterum
606 2280 678 2356 quia
694 2297 823 2337 necesse
839 2287 895 2351 est,
911 2297 983 2367 cum
1000 2279 1106 2338 omnia
1122 2277 1239 2354 feceris,
1256 2279 1473 2359 cogitationes
1497 2294 1511 2344 1

242 2391 349 2444 tamen
373 2392 443 2444 tuas
467 2383 600 2444 subinde
622 2385 664 2444 ad
681 2404 733 2444 me
749 2403 906 2444 recurrere
923 2404 981 2445 nec
996 2405 1189 2465 quemquam
1206 2406 1288 2446 nunc
1304 2405 1346 2445 ex
1362 2385 1475 2448 liberis

202 2491 303 2552 totuis
334 2488 525 2570 frequentius
549 2487 604 2551 tibi
628 2491 804 2565 obuersari,
835 2480 899 2552 non
922 2492 995 2572 quia
1012 2490 1057 2552 illi
1082 2493 1182 2553 minus
1206 2491 1268 2552 cari
1291 2500 1381 2565 sunt,
1414 2495 1476 2554 sed

203 2580 205 2585 ⁵
242 2597 315 2677 quia
337 2597 478 2657 naturale
494 2606 542 2658 est
558 2617 686 2658 manum
703 2598 827 2679 saepius
843 2599 884 2659 ad
900 2599 931 2659 id
948 2597 1071 2672 referre,
1095 2600 1183 2679 quod
1201 2597 1317 2671 doleat,
1342 2597 1475 2678 qualem

181 2782 184 2786 Ι
243 2723 294 2764 me
325 2705 447 2782 cogites
470 2704 595 2784 accipe:
631 2704 749 2765 laetum
775 2712 807 2764 et
830 2703 965 2765 alacrem
989 2703 1074 2765 uelut
1098 2705 1225 2784 optimis
1248 2704 1349 2765 rebus
1399 2716 1478 2769 sunt

243 2813 325 2871 enim
350 2810 498 2889 optimae,
522 2812 672 2890 quoniam
693 2810 815 2870 animus
838 2810 938 2871 omnis
955 2811 1171 2890 occupationis
1187 2830 1303 2890 expers
1319 2812 1478 2892 operibus

243 2917 305 2977 suis
336 2924 427 2976 uacat
455 2925 487 2976 et
511 2915 609 2978 modo
632 2937 667 2976 se
690 2915 859 2977 leuioribus
882 2917 992 2977 studiis
1016 2915 1172 2990 oblectat,
1204 2918 1304 2978 modo
1328 2919 1370 2978 ad
1396 2939 1475 2979 con-

203 3040 229 3079 to
243 3024 443 3084 siderandum
467 3043 557 3084 suam
582 3024 779 3102 uniuersique
802 3032 946 3084 naturam
970 3023 1034 3084 ueri
1058 3024 1168 3084 auidus
1190 3024 1338 3102 insurgit:
1369 3033 1477 3088 terras
1497 3035 1513 3088 2

243 3130 379 3210 primum
412 3132 569 3211 situmque
600 3150 707 3191 earum
739 3123 867 3210 quaerit.
914 3130 1027 3191 deinde
1051 3131 1269 3191 condicionem
1293 3130 1479 3194 circumfusi

244 3237 338 3297 maris
354 3256 524 3319 cursusque
540 3238 603 3299 eius
622 3237 759 3298 alternos
776 3246 807 3298 et
823 3256 973 3298 recursus
996 3244 1072 3298 tunc
1088 3237 1240 3317 quidquid
1254 3238 1335 3298 inter
1348 3237 1477 3300 caelum

244 3351 405 3423 terrasque
421 3344 548 3424 plenum
566 3343 739 3406 formidinis
755 3345 916 3405 interiacet
932 3344 1079 3425 perspicit
1095 3352 1127 3405 et
1143 3341 1205 3404 hoc
1221 3343 1400 3418 tonitribuS,
1416 3343 1476 3406 ful·

245 3450 563 3525 minibus,uent0rum
576 3450 702 3513 flatibus
715 3471 752 3511 ac
765 3450 945 3511 nimborum
959 3451 1100 3531 uiuisque
1113 3459 1145 3513 et
1157 3450 1316 3541 grandinis
1330 3450 1477 3513 iactu'tu-

204 3574 230 3612 m
247 3554 439 3618 multuosum
456 3559 601 3638 spatium.
625 3566 692 3634 tum
708 3558 882 3639 peragratis
898 3556 1112 3618 humilioribus
1129 3556 1170 3617 ad
1186 3577 1312 3618 summa
1324 3576 1476 3637 prorum-

244 3664 290 3743 pit
313 3673 346 3724 et
369 3663 579 3745 pulcherrimo
595 3664 772 3725 diuinorum
789 3663 970 3744 spectaculo
987 3663 1102 3739 fruitur,
1123 3664 1379 3746 aeternitatisque
1398 3685 1479 3726 suae

245 3790 369 3831 memor
392 3771 423 3831 in
446 3791 554 3844 omne,
568 3770 665 3851 ,quod
680 3769 744 3830 tuit
767 3768 969 3850 futurumque
985 3780 1033 3832 est
1049 3770 1195 3832 omnibus
1210 3769 1351 3845 saeculis
1375 3772 1478 3834 uadit.

247 3931 262 3979 2
282 3930 352 3992 petiit
371 3928 450 3980 cett:
472 3929 540 3992 petit.
630 3925 646 3978 3
671 3927 851 3991 praefectorum
871 3925 1033 3982 deteriores:
1052 3929 1162 3993 pfectott
1252 3926 1268 3981 6
1291 3929 1426 3993 periculosi
1446 3931 1480 3996 (si

247 4017 274 4067 in
288 4017 354 4082 ras.)
433 4016 546 4069 8.XVI.
628 4015 659 4068 13
673 4017 722 4063 iam
736 4011 864 4083 Moduiq:
884 4032 939 4064 eam
1026 4017 1057 4068 15
1071 4019 1117 4083 qu}
1131 4000 1244 4069 admodit
1258 4017 1296 4082 (in
1308 4032 1396 4085 marq.
1410 4021 1478 4070 m.2

247 4087 305 4153 inde
325 4107 400 4153 exiret
418 4106 461 4152 sed
479 4104 707 4168 quemadmodum).
741 4099 820 4166 Quod
835 4099 914 4155 Gertz
934 4102 1072 4157 desiderat
1090 4123 1145 4156 eum
1164 4112 1227 4159 ante
1245 4107 1347 4170 efferret,
1369 4103 1481 4160 Seneca

247 4182 360 4236 cotrsilio
379 4186 454 4233 exiret
474 4193 499 4236 et
512 4186 605 4233 efferret
617 4181 690 4236 aude
703 4183 784 4235 iacta
794 4183 919 4251 posuisse
931 4181 1040 4235 uidetur
1111 4185 1144 4238 23
1159 4189 1268 4251 optimae
1283 4184 1477 4255 Boaqorsius:

248 4266 342 4328 optima
424 4263 458 4316 26
477 4281 560 4314 earum
575 4265 598 4329 (e
609 4261 664 4332 snit
677 4263 701 4329 c)
787 4260 821 4314 28
839 4264 931 4328 pspicit
949 4271 972 4312 et
990 4272 1091 4314 octrone
1103 4268 1161 4324 trib;
1177 4266 1277 4334 (omnia
1289 4266 1317 4317 in
1330 4268 1399 4332 ras.)
1415 4267 1479 4324 cod.

245 4345 294 4393 hoc
309 4346 437 4394 tonitribus
449 4342 511 4397 alim
526 4359 597 4397 corr.
682 4343 712 4396 31
730 4343 926 4407 aeternitatisque
938 4339 1103 4398 Pincianus:
1118 4348 1268 4396 aeternitatis
1353 4346 1387 4399 32
1402 4363 1491 4398 ornne-

246 4420 410 4476 defariores:
432 4426 514 4474 omem
640 4425 755 4473 omnibus
773 4421 875 4472 saeculis
894 4422 961 4473 uadit
975 4420 1137 4478 Pincianus:
1159 4428 1227 4477 uadit
1241 4427 1356 4476 omnibus
1368 4430 1481 4478 saeculis
