3046 5092
363 317 443 361 DlAL.
458 316 496 360 Vl.
524 317 567 358 AD
582 317 724 362 MARCIAM
739 319 779 359 DE
794 313 1036 361 CONSULA'I'IONE.
1066 321 1100 363 2⁴.
1283 327 1341 388 151

92 466 267 545 2conputa‚
291 462 417 537 Marcia,
440 484 536 545 quam
560 484 631 525 raro
655 463 769 526 liberos
793 465 919 526 uideant
942 485 1024 545 quae
1046 466 1076 526 in
1097 466 1226 528 diuersis
1242 467 1343 528 domi·

116 569 177 632 bus
208 569 361 632 habitant.
407 571 512 651 cogita
542 579 591 632 tot
613 570 683 633 illos
705 573 806 652 perire
829 592 929 633 annos
954 572 1105 633 matribus
1128 581 1161 634 et
1183 593 1240 653 per
1262 572 1344 634 solli-

108 677 291 738 citudinem
322 675 422 757 exigi,
454 676 567 758 quibus
596 676 677 739 filios
707 678 737 738 in
768 678 907 739 exercitu
937 678 1074 741 habent:
1109 678 1187 740 scies
1211 679 1344 742 multum

99 783 257 865 patuisse
280 783 342 846 hoc
364 791 500 865 tempuS,
523 804 565 846 ex
589 805 652 865 quo
676 783 718 844 nil
740 784 909 865 perdidisti.
948 805 1120 867 numquam
1140 795 1345 868 aconspectu

97 899 171 952 tuo
205 891 342 978 recessit.
387 890 447 952 sub
478 890 574 953 oculis
603 892 664 952 tuis
687 891 789 953 studia
811 889 959 953 formauit
981 891 1163 954 excellentis
1186 893 1289 974 ingeni
1313 901 1370 955 ets

93 997 281 1079 aequaturi
304 1017 407 1072 auum,
431 997 487 1059 nisi
509 997 683 1060 obstitisset
706 978 900 1073 uerecundia,
923 1019 1004 1079 quae
1029 998 1200 1060 multorum
1223 997 1344 1082 profec-

38 1106 54 1160 3
94 1113 166 1166 tus
191 1103 315 1167 silentio
346 1106 466 1185 pressit.
498 1100 696 1166 'adulescens
727 1106 901 1167 rarissimae
932 1104 1053 1168 formae
1083 1107 1119 1167 in·
1138 1117 1203 1169 tam
1228 1127 1345 1188 magna

91 1212 305 1274 feminarum
328 1211 421 1274 turba
442 1212 527 1274 uiros
551 1213 818 1293 corrumpentium
842 1212 952 1274 nullius
975 1233 1010 1274 se
1032 1214 1099 1294 spei
1121 1214 1281 1295 praebuit,
1313 1222 1346 1275 et

94 1339 191 1380 cum
206 1318 405 1401 quarundam
421 1338 520 1399 usque
535 1319 577 1379 ad
586 1319 808 1398 temptandum
819 1320 1013 1400 peruenisset
1025 1320 1206 1400 inprobitas
1223 1320 1345 1382 erubuit

90 1426 206 1507 quasi
229 1433 404 1506 peccasset,
427 1424 513 1505 quod
536 1423 704 1505 placuerat.
749 1426 809 1488 hac
832 1427 996 1488 sanctitate
1021 1446 1145 1488 morum
1169 1427 1286 1501 effecit,
1311 1436 1345 1488 ut
1361 1449 1384 1488 ro

94 1552 196 1613 puer
227 1531 402 1594 admodum
434 1532 547 1612 dignus
578 1532 757 1594 sacerdotio
790 1533 959 1606 uideretur,
992 1542 1136 1595 materna
1157 1535 1223 1595 sine
1247 1533 1344 1595 dubio
1371 1595 1377 1610 ,

95 1639 350 1720 suffragatione,
366 1639 424 1700 sed
439 1658 479 1700 ne
495 1647 596 1700 mater
611 1639 737 1718 quidem
754 1639 811 1700 nisi
825 1659 884 1719 pro
901 1639 988 1700 bono
1005 1639 1173 1700 candidato
1190 1639 1345 1704 ualuisset.

19 1740 37 1792 4
96 1745 230 1807 Irarum
247 1744 515 1825 contemplatione
530 1745 679 1806 uirtutum
695 1744 792 1806 filium
809 1765 884 1825 gere
899 1746 987 1828 quasi
1002 1747 1032 1808 in
1048 1746 1124 1820 sinu,
1132 1766 1215 1807 nunc
1227 1745 1275 1807 ille
1289 1746 1344 1807 tibi

103 1853 219 1934 lnagis
235 1860 334 1914 uacat.
364 1871 445 1912 nunc
461 1849 534 1912 nihil
550 1851 656 1924 habet,
672 1872 736 1932 quo
752 1860 909 1913 auocetur.
934 1872 1106 1933 numquam
1123 1853 1180 1915 tibi
1195 1852 1341 1915 sollicitu-

107 1959 190 2033 dini,
206 1978 379 2039 numquam
404 1957 538 2019 maerori
562 1958 626 2018 erit.
665 1959 751 2039 quod
776 1978 870 2018 unum
888 1979 930 2019 ex
945 1968 1011 2020 tam
1027 1959 1115 2020 bono
1131 1957 1194 2021 filio
1216 1967 1343 2041 poteras
1360 1980 1383 2020 rr

109 2063 236 2140 dolere,
253 2064 394 2128 doluisti:
421 2073 533 2139 cetera,
550 2073 702 2145 exempta
712 2065 843 2138 casibus,
859 2064 952 2145 plena
961 2065 1131 2146 uoluptatis
1141 2073 1221 2140 sunt,
1237 2066 1262 2127 si
1274 2086 1340 2127 mo-

118 2173 163 2234 do
187 2173 231 2235 uti
254 2170 318 2234 filio
342 2173 410 2247 scis
433 2172 456 2233 si
474 2172 573 2233 modo
591 2172 667 2253 quid
683 2172 713 2232 in
728 2170 781 2232 illo
797 2172 1057 2252 pretiosissimum
1073 2170 1164 2233 fuerit
1181 2171 1342 2252 intellegis.

15 2266 55 2317 '5
115 2281 225 2360 imago
250 2281 417 2341 dumtaxat
439 2277 481 2340 fili
505 2279 549 2341 tui
571 2279 661 2359 periit
685 2286 716 2340 et
733 2277 851 2358 effigies
868 2299 931 2339 non
947 2277 1108 2352 simillima,
1132 2280 1199 2360 ipse
1214 2280 1342 2360 quidem

121 2396 264 2449 aeternus
295 2386 492 2466 meliorisque
520 2405 604 2446 nunc
631 2394 732 2447 status
755 2395 818 2461 est,
851 2386 1044 2465 despoliatus
1067 2385 1214 2448 oneribus
1237 2384 1343 2448 alienis

74 2515 81 2521 ·
122 2504 152 2556 et
173 2493 232 2557 sibi
256 2492 387 2556 relictus.
426 2492 505 2554 haec
528 2511 609 2573 quae
631 2490 719 2553 uides
743 2492 936 2553 circumdata
958 2492 1051 2554 nobis
1071 2512 1152 2568 ossa,
1176 2513 1289 2555 neruos
1310 2503 1342 2553 et
1356 2512 1382 2552 20

120 2601 292 2664 obductam
324 2609 429 2662 cutem
460 2600 643 2681 uoltumque
673 2607 705 2660 et
736 2585 891 2661 ministras
915 2619 1025 2660 manus
1048 2608 1080 2660 et
1104 2606 1209 2660 cetera
1230 2599 1342 2679 quibus

120 2706 248 2771 inuoluti
270 2728 393 2781 sumuS,
418 2706 538 2769 uincula
560 2706 973 2786 animorumtenebraeque
995 2713 1075 2767 sunt.
1121 2705 1263 2767 obruitur
1286 2705 1342 2780 his,

120 2814 280 2889 offocatur,
303 2813 443 2888 inficitur,
467 2822 589 2874 arcetur
611 2833 631 2874 a
654 2814 734 2874 ueris
757 2822 788 2874 et
811 2813 874 2874 suis
896 2813 926 2873 in
947 2810 1024 2874 falsa
1040 2812 1207 2874 coniectus.
1246 2833 1341 2874 omne
1363 2886 1365 2891 .

120 2921 158 2984 illi
188 2942 261 2984 cum
292 2920 352 2982 hac
382 2922 469 3002 graui
500 2940 593 2982 carne
623 2928 782 2982 certamen
814 2928 880 2994 est,
910 2939 950 2980 ne
973 2917 1173 2980 abstrahatur
1197 2928 1229 2980 et
1251 2918 1340 2980 sidat.

121 3259 133 3311 1
152 3258 273 3324 computa¹
355 3256 371 3308 4
391 3274 420 3306 ex
438 3274 487 3322 quo
500 3219 531 3258 ml
543 3258 646 3322 pdidisti
734 3272 866 3320 numquam
887 3271 901 3303 a
920 3263 1051 3319 conspectu
1071 3269 1142 3307 tritus
1160 3252 1338 3307 deteriorant:

119 3372 249 3422 numquam
263 3360 393 3419 conspectu
467 3352 499 3406 10
517 3348 581 3429 bario
599 3355 729 3404 sanctitate
815 3353 845 3406 13
865 3368 923 3416 gere
935 3353 1005 3416 quasi
1024 3353 1047 3400 in
1067 3353 1128 3413 sinu,
1148 3369 1211 3402 nunc
1225 3349 1342 3422 Madut'q

122 3454 197 3518 (quasi
215 3455 269 3502 sinu
290 3449 371 3505 Gertz
390 3450 449 3505 sine
466 3451 598 3519 rabbad:
619 3452 676 3517 geri
690 3468 765 3516 quam
783 3452 803 3500 si
822 3467 885 3500 nunc
989 3449 1022 3501 14
1042 3458 1157 3500 auocetur
1176 3447 1339 3503 Priscianus:

120 3551 215 3594 nocetur
315 3539 347 3594 1ss
367 3548 462 3603 cetera,
488 3548 600 3606 exempta
627 3538 724 3595 Gertz:
753 3547 834 3589 cetera
859 3546 971 3603 exempta
995 3537 1094 3609 uulqoz
1122 3546 1203 3589 cetera
1228 3540 1342 3605 exempla

207 3629 240 3682 17
259 3631 294 3680 uti
312 3628 409 3697 uulqo:
430 3637 456 3679 ut
542 3629 573 3682 18
592 3631 663 3696 periit
682 3627 780 3699 uulpo:
802 3622 864 3694 perit
951 3629 1046 3693 effigies
1065 3626 1229 3682 deteriores:
1250 3628 1341 3678 efficies

207 3717 241 3772 19
266 3724 341 3770 status
367 3716 531 3772 deteriores:
558 3720 632 3768 satius
740 3717 773 3770 20
797 3719 948 3768 circumdata
972 3718 1045 3767 nobis
1064 3734 1134 3780 ossa,
1158 3733 1245 3766 neruos
1265 3714 1340 3769 Koch

121 3805 266 3861 secundum
283 3805 386 3861 codicis
402 3807 567 3878 scriplmam
586 3805 709 3861 labentis
728 3809 820 3857 circum
838 3808 910 3856 nobis
923 3823 986 3867 ossa,
1005 3821 1060 3859 nort
1079 3823 1135 3855 ossa
1155 3806 1247 3855 circum
1259 3807 1340 3866 nobis,

121 3912 169 3965 quo
196 3895 273 3966 falso
300 3895 482 3966 fundamento
507 3895 562 3948 nisi
584 3894 757 3949 coniecerunt
781 3891 896 3963 Maduiq
921 3912 977 3944 ossa
1001 3912 1030 3944 ac
1055 3895 1221 3944 circumdatos
1246 3895 1340 3943 ossibus

100 4039 103 4042 ,
122 4002 213 4050 neruos,
228 3984 310 4043 Gertz
329 4003 386 4036 ossa
399 4001 428 4035 ac
441 3985 632 4052 circumuolutos
650 3986 680 4033 iis
699 4000 801 4042 neruos;
821 3982 907 4037 uerba
920 3985 1071 4033 circumdata
1085 3984 1157 4032 nobis
1170 3999 1234 4041 ossa,
1253 3998 1340 4032 neruos
1404 4021 1406 4024 >

122 4073 283 4144 respondent
300 4072 434 4129 obductae
452 4072 509 4126 cuti
519 4079 545 4126 et
560 4073 657 4127 ceteris
669 4070 767 4141 quibus
778 4070 969 4126 circumuoluti
981 4087 1075 4124 sumus
1165 4070 1198 4122 21
1219 4071 1337 4136 uultumq;

200 4163 234 4217 22
248 4164 358 4213 obruitur
369 4164 408 4212 his
421 4176 480 4214 cum
493 4159 586 4215 codice
598 4158 722 4229 Maiorq,
736 4163 845 4211 obruitur
856 4162 895 4210 his
908 4163 1002 4210 animus
1014 4157 1098 4230 uulqo
1175 4159 1208 4212 23
1223 4161 1341 4224 effugatur

124 4251 178 4306 cod.
197 4255 319 4303 offocatur
333 4248 454 4321 θεωρός
472 4251 512 4317 (ul
529 4247 563 4304 de
576 4248 651 4303 brev.
669 4251 742 4303 uitae
759 4253 782 4316 2,
796 4249 823 4315 4)
843 4251 974 4299 offuscatur
986 4246 1069 4318 uulqo
1080 4250 1211 4298 suffocatur
1224 4239 1339 4318 Madut'q

200 4342 296 4391 aueris
315 4338 478 4394 Pincianus:
499 4340 589 4389 auersis
670 4341 778 4389 coiectus
861 4337 895 4390 24
913 4340 984 4403 grani
1003 4354 1077 4387 carne
1096 4334 1156 4391 cod.
1177 4353 1251 4388 came
1269 4341 1339 4404 graui

124 4427 200 4498 uulqo
289 4430 432 4479 abtrahatur
