3046 5092
230 346 294 408 286
441 341 520 384 DIAL.
530 340 582 383 ΧΠ,
611 341 653 380 AD
667 340 820 381 POLYBIVM
835 340 875 380 DE
890 339 1132 382 CONSOLATIONE.
1163 343 1194 383 13.
1209 343 1239 384 14.

229 486 349 550 habent
380 496 415 548 ut
444 486 587 549 fortunae
617 487 784 549 saeuientis
812 485 949 548 'modum
980 489 1023 548 ita
1053 507 1145 567 spem
1169 507 1296 568 quoque
1320 487 1458 549 melioris

230 593 370 655 eiusdem
394 614 431 655 ac
453 596 627 676 praesentis
651 595 797 674 quietem.
844 596 922 655 scias
945 593 1017 656 licet
1041 614 1079 655 ea
1095 595 1224 655 demum
1242 594 1372 657 fulmina
1387 614 1458 656 esse

230 700 404 776 iustissima,
428 720 509 780 quae
534 703 629 762 etiam
652 701 791 782 percussi
814 699 928 762 colunt.

319 806 407 868 XIV.
447 803 477 890 [3
484 804 522 891 3.]
555 806 616 868 Hic
638 809 744 888 itaque
767 809 921 887 princeps,
945 810 998 887 qui
1019 806 1179 887 publicum
1196 808 1337 869 omnium
1353 807 1490 874 homi-l

204 922 305 974 anum
329 911 478 974 sblacium
504 921 561 987 est,
585 923 638 976 aut
662 934 714 974 me
737 915 844 975 omnia
859 912 976 989 fallunt,
1000 924 1054 975 aut
1069 915 1132 975 iam
1148 915 1300 977 recreauit
1316 917 1457 976 animum

230 1028 319 1080 tuum
349 1029 381 1081 et
412 1027 478 1081 tam
511 1040 629 1100 magno
661 1020 779 1080 uolneri
812 1023 932 1081 maiora
962 1018 1105 1082 adhibuit
1136 1021 1284 1082 remedia.
1331 1022 1394 1082 iam
1427 1030 1459 1082 te
1501 1027 1503 1032 ’

231 1127 317 1187 omni
349 1124 546 1186 confirmauit
578 1128 685 1187 modo
731 1129 794 1187 iam
826 1128 934 1187 omnia
964 1126 1129 1206 exempla,
1160 1126 1272 1206 quibus
1297 1128 1338 1189 ad
1362 1129 1459 1189 animi

231 1233 422 1312 aequitatem
439 1230 667 1312 conpellereris,
684 1235 883 1294 tenacissima
899 1233 1053 1294 memoria
1069 1232 1196 1295 rettulit.
1235 1234 1298 1295 iam
1314 1236 1458 1296 omnium

231 1349 402 1420 praecepta
424 1343 602 1421 sapientum
626 1342 760 1402 adsueta
782 1339 841 1401 sibi
866 1337 1011 1401 facundia
1034 1339 1191 1421 explicuit.
1231 1339 1332 1401 nullus
1352 1343 1491 1422 itaque?

196 1465 217 1505 ιο
232 1446 342 1507 melius
374 1445 431 1507 has
462 1446 655 1526 adloquendi
685 1456 790 1528 partes
822 1450 1031 1526 occupauerit.
1085 1446 1170 1508 aliud
1201 1427 1366 1509 habebunt
1397 1446 1460 1509 hoc

233 1554 357 1614 dicente
379 1553 504 1634 pondus
528 1553 625 1614 uerba
649 1553 733 1615 uelut
756 1553 797 1614 ab
819 1551 946 1615 oraculo
971 1556 1073 1615 missa.
1113 1556 1323 1615 omnemuim
1340 1552 1458 1615 doloris

231 1661 276 1720 tui
300 1662 405 1721 diuina
429 1663 494 1721 eius
517 1661 694 1723 contundet
717 1663 896 1722 auctoritas.
943 1659 1026 1721 hunc
1047 1662 1151 1740 itaque
1167 1662 1224 1722 tibi
1240 1668 1320 1741 puta
1336 1661 1454 1722 dicere:

232 1787 296 1827 non
327 1775 359 1827 te
390 1766 493 1828 solum
525 1767 650 1828 fortuna
681 1769 856 1847 desumpsit
880 1767 954 1841 sibi,
987 1787 1081 1846 quem
1105 1774 1172 1829 tam
1195 1769 1284 1847 graui
1307 1766 1458 1829 adficeret

232 1873 346 1935 iniuria.
393 1871 478 1934 nulla
508 1874 623 1935 domus
654 1875 685 1934 in
709 1882 780 1935 toto
804 1873 883 1935 orbe
906 1883 1060 1936 terrarum
1084 1882 1138 1935 aut
1161 1883 1210 1936 est
1234 1883 1288 1936 aut
1311 1873 1368 1935 fuit
1392 1875 1459 1935 sine

195 2000 219 2041 ra
232 1979 335 2060 aliqua
367 1978 613 2059 conploratione.
675 1980 816 2042 transibo
848 1978 996 2060 exempla
1029 1979 1186 2060 uolgaria,
1224 2001 1304 2062 quae
1337 1982 1458 2042 etiamsi

233 2089 370 2160 minora,
394 2095 502 2148 tamen
525 2089 690 2148 innumera
712 2095 802 2148 sunt:
837 2087 879 2154 ad
904 2086 1000 2148 fastus
1024 2095 1056 2147 te
1080 2096 1111 2148 et
1134 2085 1263 2149 annales
1286 2089 1458 2168 perducam

232 2191 385 2274 publicos.
436 2195 524 2255 uides
555 2214 667 2255 omnes
698 2192 754 2254 has
786 2193 953 2273 imagines,
985 2214 1066 2274 quae
1098 2193 1256 2275 inpleuere
1285 2192 1488 2259 Caesarum3

233 2301 366 2361 atrium?
405 2298 488 2361 nulla
516 2320 580 2368 non
603 2300 714 2362 harum
738 2299 842 2380 aliquo
866 2320 995 2361 suorum
1019 2301 1225 2362 incommodo
1250 2300 1379 2381 insignis
1403 2307 1484 2365 est..

234 2426 329 2467 nemo
361 2427 424 2467 non
456 2427 497 2467 ex
528 2407 593 2468 istis
616 2408 648 2466 in
671 2415 893 2468 ornamentum
916 2405 1113 2468 saeculorum
1137 2405 1364 2487 refulgentibus
1389 2407 1459 2469 uiris

194 2529 221 2572 20
235 2521 289 2575 aut
320 2513 476 2574 desiderio
507 2533 634 2574 suorum
666 2522 768 2575 tortus
800 2522 848 2575 est
878 2522 932 2575 aut
962 2533 981 2573 a
1011 2515 1073 2575 suis
1101 2533 1173 2574 cum
1198 2515 1341 2603 maximo
1365 2515 1460 2576 animi

234 2622 372 2681 cruciatu
400 2621 595 2681 desideratus
620 2629 676 2681 est.
721 2620 798 2701 quid
821 2620 877 2681 tibi
900 2619 1032 2681 referam
1057 2617 1239 2700 Scipionem
1264 2619 1458 2695 Africanum,
1477 2632 1513 2683 t

235 2729 283 2787 cui
307 2747 393 2788 mors
416 2726 519 2788 fratris
542 2728 572 2788 in
595 2725 688 2788 exilio
710 2728 851 2787 nuntiata
867 2728 936 2787 est?
967 2727 992 2786 is
1007 2724 1111 2799 frater,
1135 2729 1188 2807 qui
1204 2727 1316 2806 eripuit
1332 2726 1460 2789 fratrem

236 2853 375 2906 carcere,
407 2853 471 2893 non
501 2835 606 2913 potuit
639 2834 759 2914 eripere
790 2831 864 2894 fatu.
910 2842 943 2894 et
966 2853 1061 2914 quam
1086 2833 1251 2913 impatiens
1274 2833 1348 2895 iuris
1373 2833 1463 2914 aequi

236 2942 336 3021 pietas
364 2937 501 3000 Africani
533 2937 638 3013 fuerit,
671 2939 788 3000 cunctis
820 2939 982 3019 apparuit:
1017 2942 1133 3000 eodem
1164 2941 1247 3001 enim
1282 2941 1332 3001 die
1356 2936 1462 3021 Scipio

197 3063 222 3104 n
237 3045 413 3119 Africanus
437 3066 501 3125 quo
525 3045 652 3107 uiatoris
677 3046 820 3106 manibus
843 3043 971 3106 fratrem
988 3044 1168 3120 abstulerat,
1193 3046 1318 3107 tribuno
1333 3035 1477 3127 quoque*

236 3151 336 3234 plebis
367 3154 506 3232 priuatus
528 3153 722 3214 intercessit:
756 3162 822 3214 tam
847 3171 965 3232 magno
989 3161 1097 3214 tamen
1120 3152 1249 3214 fratrem
1273 3153 1462 3215 desiderauit

237 3257 287 3319 hic
310 3260 425 3332 anim0,
449 3279 545 3340 quam
568 3256 761 3320 defenderat.
800 3259 875 3338 quid
892 3256 1024 3319 referam
1042 3257 1255 3320 Aemilianum
1272 3257 1463 3339 Scipionem,
1490 3269 1521 3320 5

238 3365 290 3445 qui
327 3384 390 3424 uno
428 3384 530 3444 paene
568 3367 746 3446 eodemque
778 3343 925 3446 tempore
955 3365 1109 3445 spectauit
1139 3367 1237 3445 patris
1268 3364 1462 3446 triumphum

239 3472 437 3550 duorumque
467 3470 598 3534 fratrum
629 3471 757 3532 funera?
801 3456 1056 3532 ¹adulescentulus
1085 3479 1193 3532 tamen
1225 3491 1262 3532 ac
1292 3491 1463 3552 propemo-

199 3597 224 3636 30
240 3578 316 3638 dum
339 3597 416 3657 puer
438 3585 529 3639 tanto
552 3581 658 3640 animo
681 3576 752 3638 tulit
774 3576 858 3638 illam
881 3575 1016 3639 familiae
1030 3577 1113 3639 'suae
1136 3597 1231 3657 super
1253 3578 1356 3659 ipsum
1381 3577 1463 3639 Pauli

238 3683 433 3765 triumphum
465 3662 659 3746 concidentis
690 3683 826 3745 subitam
858 3685 1053 3759 uastitatem,
1091 3692 1210 3764 quanto
1243 3682 1353 3745 debuit
1385 3682 1461 3746 ferre

240 3881 451 3890 m...-

241 4003 326 4055 3eius
346 4004 477 4054 iustissima
497 4000 523 4054 Ε
612 4001 738 4067 6magno
757 4002 856 4052 uulnere
871 4001 895 4054 B
912 4019 1031 4066 magnum
1050 4003 1142 4052 uulneri
1156 3999 1183 4055 Ε
1271 4001 1461 4068 8compellere·

241 4095 273 4142 ris
293 4091 347 4146 DE
363 4091 564 4157 compellerisB
631 4093 835 4143 'tenacissimam
854 4093 1001 4141 memoriam
1020 4088 1075 4144 DE
1169 4089 1328 4156 9applicuit
1346 4089 1373 4144 D

243 4182 273 4233 11
295 4180 412 4234 uelndB
513 4180 606 4230 doloris
626 4186 649 4230 tu
669 4178 696 4233 Ε
797 4178 830 4233 16
855 4182 981 4229 innumera
1000 4178 1110 4248 Lipsius
1128 4182 1192 4229 mira
1211 4178 1292 4234 BDE
1391 4179 1460 4231 etad

242 4268 386 4323 annalesD
478 4269 510 4322 17
535 4272 663 4334 ymagines
682 4267 708 4321 B
805 4268 838 4321 19
864 4270 889 4318 in
907 4275 1106 4318 ornamentorum
1126 4266 1180 4321 DE
1274 4269 1308 4322 22
1333 4272 1407 4320 frater
1424 4269 1459 4334 qui

243 4360 377 4426 (nonsibi)
395 4360 547 4425 eripuitB·
605 4358 638 4413 23
658 4360 753 4424 patiens
771 4359 829 4408 iuris
848 4366 870 4407 et
889 4356 1000 4423 aequiB
1018 4359 1075 4406 iuris
1093 4359 1165 4423 aequi
1184 4359 1315 4423 impatiens
1328 4357 1382 4413 DE
1422 4414 1423 4418 Ἰ

243 4448 277 4503 27
296 4450 437 4498 defenderat
456 4447 538 4519 urrfqo
557 4449 698 4498 defenderet
720 4445 744 4498 B
763 4447 899 4496 defenderit
919 4444 973 4498 DE
1060 4444 1093 4499 31
1113 4447 1175 4497 ferre
1192 4450 1243 4496 uim
1264 4445 1317 4500 DE
