3046 5092
441 349 564 393 manv.
592 350 826 392 oblustrant
855 353 911 394 aa.
1248 353 1313 414 93·

50 496 120 556 sed
150 496 216 556 irae
246 497 428 573 paratioris,
460 497 508 556 cui
546 516 611 555 non
642 497 745 574 magis
776 505 880 557 tutum
919 505 987 557 erat
1025 494 1159 557 blandiri
1194 514 1290 576 quam

54 599 261 662 maledicere.
293 598 433 662 Caelium
451 610 611 662 oratorem
636 599 730 663 fuisse
752 602 1024 663 iracundissimum
1048 610 1183 663 constat.
1219 620 1291 661 cum

54 728 144 787 qu0,
175 716 210 768 ut
233 709 336 781 aiunt,
368 707 504 769 cenabat
534 709 565 768 in
596 706 739 768 cubiculo
771 706 872 769 lectae
895 710 1068 787 patientiae
1091 707 1202 781 cliens,
1233 708 1290 768 sed

57 811 191 875 difficile
215 814 283 874 erat
306 811 348 874 illi
377 815 408 874 in
432 814 579 893 copulam
603 816 749 875 coniecto
776 814 879 874 rixam
904 816 969 874 eius
992 833 1064 874 curn
1080 834 1151 894 quo
1175 812 1290 874 cohae-

62 919 158 981 rebat
189 919 336 999 effugere.
398 922 556 1000 optimum
592 921 740 982 iudicauit
778 920 944 1000 quidquid⁴
969 921 1102 982 dixisset
1139 923 1228 1001 sequi
1259 930 1292 982 et
1321 944 1331 977 ει

60 1027 219 1086 secundas
249 1045 365 1105 agere:
400 1045 464 1086 non
496 1025 567 1087 tulit
597 1025 720 1087 Caelius
751 1026 998 1087 adsentientem
1014 1036 1047 1087 et
1078 1024 1289 1088 exclamauit:

62 1130 115 1192 dic
137 1131 269 1210 aliquid
294 1140 419 1207 cantra,
453 1141 489 1192 ut
516 1135 575 1192 ilua
606 1133 716 1192 simus.
765 1133 822 1194 sed
853 1130 905 1194 ille
935 1153 1078 1213 quoque,
1109 1134 1197 1214 quod
1228 1154 1293 1194 non

10 1235 36 1288 7
62 1240 262 1313 irasceretur,
294 1241 391 1300 iratus
415 1240 478 1301 cito
502 1241 568 1299 sine
599 1238 780 1301 aduersario
812 1240 914 1300 desiit.
960 1238 1113 1317 eligamus
1141 1259 1219 1319 ergo
1243 1241 1294 1301 uel

62 1343 123 1405 hos
147 1347 262 1424 potius,
286 1347 311 1406 si
336 1347 452 1406 conscii
476 1344 569 1405 nobis
592 1346 771 1406 iracundiae
786 1365 904 1419 sumus,
927 1347 979 1425 qui
1003 1345 1125 1407 uoltum
1149 1356 1292 1408 nostrum

63 1471 100 1511 ac
130 1471 314 1512 sermonem
345 1460 521 1532 sequantur.
585 1451 702 1513 sacient
733 1452 862 1532 quidem
900 1472 959 1512 nos
999 1451 1152 1515 delicatos
1190 1464 1224 1515 et
1261 1455 1293 1514 in
1312 1472 1333 1509 u

63 1555 183 1618 malam
214 1558 473 1619 consuetudinem
504 1560 654 1619 inducent
685 1557 759 1619 nihil
782 1568 893 1620 contra
916 1556 1114 1621 uoluntatem
1137 1561 1294 1644 audiendi,

64 1663 121 1723 sed
145 1664 290 1742 proderit
320 1665 397 1725 uitio
436 1684 493 1724 suo
524 1663 722 1725 interuallum
759 1673 790 1726 et
828 1666 967 1744 quietem
1006 1666 1092 1726 dare.
1153 1665 1294 1727 difficiles

64 1789 192 1850 quoque
223 1779 255 1830 et
285 1770 432 1831 indomiti
468 1779 580 1831 natura
617 1769 833 1832 blandientem
873 1770 992 1832 serent:
1035 1769 1108 1832 nibil
1146 1791 1292 1851 asperum

37 1879 272 1956 ssterritumque
302 1874 445 1954 palpanti
475 1885 532 1937 est.
579 1879 725 1956 quotiens
758 1877 929 1955 disputatio
960 1876 1086 1957 longior
1117 1887 1149 1939 et
1172 1898 1292 1958 pugna-

63 1985 129 2043 cior
154 1984 227 2054 erit,
259 1985 290 2043 in
313 1985 416 2061 prima
439 1985 636 2056 resistamus,
668 1992 838 2063 antequam
870 1982 968 2044 robur
991 1986 1134 2063 accipiat.
1180 1985 1235 2046 alit
1258 2004 1293 2044 se
1311 2013 1332 2047 n

63 2108 133 2169 ipsa
165 2091 327 2150 contentio
360 2097 393 2150 et
417 2089 573 2149 demissos
605 2087 698 2150 altius
721 2098 818 2150 tenet.
864 2088 982 2151 facilius
1013 2099 1062 2152 est
1093 2111 1127 2152 se
1150 2112 1169 2152 a
1192 2101 1292 2152 certa-

64 2198 151 2256 mine
175 2196 334 2256 abstinere
358 2215 453 2275 quarn
477 2178 644 2256 abducere.

29 2315 42 2366 t
156 2301 211 2364 IX.
252 2299 366 2362 Studia
397 2321 524 2381 quoque
556 2304 702 2378 grauiora
732 2304 887 2364 iracundis
919 2304 1098 2364 omittenda
1128 2314 1201 2365 sunt
1239 2316 1293 2368 aut

61 2417 151 2469 certe
182 2410 260 2470 citra
298 2406 514 2469 lassitudinem
554 2409 733 2469 exercenda
772 2418 804 2470 et
842 2411 965 2470 animus
996 2429 1061 2470 non
1098 2413 1179 2472 inter
1215 2411 1293 2473 dura

60 2516 251 2590 uersandus,
275 2516 333 2575 sed
356 2514 476 2576 artibus
500 2516 643 2576 amoenis
667 2514 849 2576 tradendus.
888 2515 982 2576 lectio
1006 2515 1092 2577 illurn
1116 2520 1291 2579 carminum
1306 2518 1356 2580 aa*

59 2621 206 2683 obleniat
229 2631 262 2683 et
285 2621 416 2682 historia
444 2619 556 2682 fabulis
595 2622 745 2683 detineat.
800 2621 924 2682 mollius
955 2623 1179 2705 delicatiusque
1209 2633 1290 2686 trac-

17 2737 157 2793 2tetur.
210 2726 411 2807 Pythagoras
446 2728 700 2807 perturbationes
730 2730 827 2789 animi
857 2728 927 2806 lyra
957 2729 1169 2808 conponebat.
1222 2734 1292 2811 quis

58 2845 173 2896 autern
196 2837 322 2914 ignorat
352 2833 446 2896 lituos
470 2843 501 2896 et
524 2835 616 2895 tubas
640 2837 875 2896 concitamenta
906 2855 991 2908 esse,
1022 2838 1102 2897 sicut
1132 2839 1290 2917 quosdam

58 2949 175 3002 cantus
214 2938 446 3014 blandimenta,
495 2939 608 3020 quibus
652 2960 742 3001 mens
781 2939 974 3002 resoluatur?
1019 2941 1156 3004 confusis
1194 2944 1291 3005 oculis

57 3055 198 3128 prosunt
228 3049 359 3108 uirentia
391 3055 421 3107 et
458 3046 648 3127 quibusdam
672 3045 831 3108 coloribus
854 3046 977 3108 infirma
1000 3050 1083 3109 acies
1106 3048 1288 3129 adquiescit,
1304 3073 1329 3112 as

56 3153 264 3235 quorundam
295 3152 464 3232 splendore
494 3154 755 3232 praestringitur:
800 3156 844 3215 sic
875 3162 999 3215 mentes
1038 3175 1149 3234 aegras
1187 3157 1292 3217 studia

15 3273 35 3326 3
57 3261 151 3322 laeta
172 3257 376 3338 permulcent.
440 3258 558 3331 lorum,
590 3259 845 3348 aduocationeS,¹
866 3260 981 3321 iudicia
1004 3258 1112 3340 sugere
1136 3261 1291 3322 debemus

60 3437 276 3445 μ,-

58 3543 78 3596 2
101 3542 192 3592 celius
271 3540 381 3591 lrixaa
414 3541 448 3605 (m
469 3543 551 3605 arae.)
624 3541 641 3592 4
661 3542 810 3590 cohaerebat
832 3539 927 3595 Gertz:
949 3545 1051 3606 herebat
1124 3543 1139 3596 8
1159 3547 1219 3594 desit

59 3631 79 3684 9
102 3629 171 3680 uultu
280 3629 313 3681 12
332 3629 445 3677 difficiles
465 3669 470 3679 .
492 3670 497 3681 .
518 3631 594 3679 serent
614 3629 694 3695 (conl.
715 3634 739 3693 5,
763 3636 770 3680 1
795 3611 861 3680 lenes
885 3649 982 3696 quoque
1007 3640 1092 3681 natura
1118 3641 1140 3682 et
1167 3621 1290 3698 placidosl

62 3717 166 3773 Gertz:
187 3719 295 3767 difficilis
315 3757 321 3769 .
341 3759 347 3771 .
367 3719 444 3767 serent
463 3717 523 3771 cod.
544 3719 652 3767 difficilis
673 3759 678 3770 .
699 3760 705 3772 .
725 3721 785 3768 seret
803 3718 886 3788 uulpo
980 3721 1011 3774 ,14
1031 3730 1182 3786 taetrumque
1200 3722 1290 3790 aulae,

57 3811 225 3871 tetricumque
243 3805 347 3875 Haupt,
366 3813 531 3870 senatumque
549 3804 672 3875 Madaiq,
691 3810 867 3873 horridumque
888 3807 977 3872 Gertz,
997 3826 1035 3863 ex
1053 3809 1151 3879 quibas
1169 3812 1292 3864 amnibus

33 3893 185 3948 'maxilua
202 3893 324 3964 placebit
342 3897 524 3960 horridumque,
543 3895 569 3948 εἰ
585 3895 732 3949 contuleris
749 3895 923 3950 Varroniano
942 3899 1019 3968 apud
1037 3899 1104 3953 Noa.
1124 3904 1167 3965 45,
1183 3903 1196 3951 t
1217 3918 1291 3966 equus
1376 3959 1380 3967 ⁶

57 3987 176 4045 mordax,
197 3985 307 4045 calcitro,
326 3985 440 4033 horridus
459 3999 519 4036 cum
538 3983 606 4037 Hor.
625 3992 675 4038 sat.
696 3988 720 4049 2,
742 3989 765 4050 l,
786 3990 818 4038 20
838 3989 876 4037 cui
902 3990 968 4037 male
986 3991 1006 4038 si
1024 3991 1132 4054 palpere,
1152 3991 1290 4038 recalcitrat

57 4075 170 4138 undique
189 4080 251 4122 tutus
325 4073 357 4124 ’15
378 4079 508 4136 antequam
528 4075 570 4121 alit
589 4072 658 4140 aad„
684 4073 746 4126 item
764 4073 806 4139 B,
830 4077 936 4129 antistis
960 4076 1052 4130 uerbis
1077 4079 1152 4126 robur
1176 4081 1289 4143 accipiat,

59 4178 135 4232 qaae
152 4161 207 4215 uisi
223 4177 284 4213 cam
309 4161 459 4214 sentartiaa
478 4160 638 4214 datrimazto
658 4162 744 4215 omitti
767 4165 819 4216 aia
833 4180 920 4234 posse
932 4181 992 4218 aaut
1008 4165 1116 4218 Gertzio
1136 4167 1288 4225 consanam

59 4258 238 4304 accesserant
255 4249 341 4303 acrba
358 4248 407 4302 aaa
426 4249 454 4302 ia
474 4249 655 4320 Neapolitana
764 4253 795 4306 16
816 4256 935 4303 demissos
954 4254 1050 4322 autqa:
1073 4256 1186 4304 dimissos

61 4340 97 4393 19
117 4341 259 4390 interdura
281 4336 376 4391 Gertz:
399 4342 460 4388 inter
479 4341 548 4404 plura
644 4341 679 4393 20
698 4345 792 4405 amenis
890 4344 922 4394 21
942 4345 1095 4408 delicatiusq;
1118 4345 1153 4410 (q;
1175 4344 1200 4396 t'u
1221 4346 1288 4412 ras.)

153 4430 188 4482 22
207 4431 375 4493 componebat
465 4428 499 4480 ‘2ss
519 4431 703 4494 praestringitur
721 4429 818 4500 atthoz
839 4434 1030 4496 prestringuntur
