3046 5092
285 299 363 343 [unu.
374 299 422 341 Vll.
451 301 493 340 AD
509 301 686 342 GALLIONEM
702 301 742 341 DE
756 301 827 342 VITA
842 302 949 344 ΒΕΑΤΑ.
979 302 1013 347 27,
1028 305 1062 347 Ὶ8.
1227 311 1286 374 183

61 447 214 530 quidquid
245 447 386 521 incurrit,
418 445 502 508 malo
526 468 585 509 suo
609 447 672 510 uim
695 469 785 511 suam
810 457 943 510 exercet.
991 448 1125 530 proinde
1149 451 1289 533 quaerite

61 554 195 636 aliquam
221 552 349 616 mollem
374 555 604 635 cedentemque
620 555 794 630 materiam,
819 557 849 616 in
865 576 928 636 qua
943 555 1007 618 tela
1022 565 1127 620 uestra
1142 557 1286 639 figantur,

11 676 44 728 4
61 662 151 723 uobis
174 671 281 724 autern
305 669 397 723 uacat
419 659 520 723 aliena
541 663 670 723 scrutari
695 661 778 723 mala
791 671 833 738 ,et
856 664 1026 724 sententias
1049 662 1129 725 ferre
1152 664 1193 728 de
1208 688 1286 747 quo-

58 771 176 850 quam?
220 789 317 848 quare
353 768 403 829 hic
433 767 640 849 philosophus
671 767 772 831 laxius
803 768 939 844 habitat,
971 790 1067 849 quare
1097 770 1147 832 hic
1177 772 1289 835 lautius

60 879 171 938 cenat?
218 874 349 958 papulas
373 875 549 938 obseruatis
572 876 701 951 alienas,
731 876 823 939 obsiti
846 876 987 959 plurimis
1011 861 1185 940 ulceribus?
1226 880 1314 942 hoc⁵

60 983 121 1045 tale
145 991 195 1044 est
218 981 309 1063 quale
331 984 357 1044 si
373 982 441 1062 quis
456 981 736 1063 pulcherrimorum
754 1004 922 1066 corporum
939 1004 1057 1045 naeuos
1074 993 1128 1046 aut
1144 1006 1288 1047 uerrucas

21 1090 219 1164 sderideat,
250 1109 345 1170 quem
377 1089 472 1151 foeda
501 1090 623 1151 scabies
652 1090 793 1170 depascit
795 1111 837 1151 ur.
885 1089 999 1152 obicite
1030 1088 1099 1155 Plat
1086 1091 1169 1166 toni,
1201 1095 1287 1173 quod

59 1196 183 1276 petierit
213 1196 394 1279 pecuniam,
426 1195 604 1271 Aristoteli,
636 1197 723 1277 quod
755 1198 928 1277 acceperit,
958 1197 1162 1273 Democrito,
1202 1200 1288 1279 quod

59 1301 251 1384 neglexerit,
275 1303 427 1385 Epicur0,
450 1303 539 1384 quod
563 1304 801 1384 consumpserit
848 1302 1004 1385 mihiipsi
1029 1303 1231 1367 Alcibiadem
1256 1315 1288 1368 et

60 1408 239 1472 Phaedrum
262 1408 428 1472 obiectate.
463 1430 484 1471 o
508 1431 566 1471 uos
589 1431 646 1473 usu
662 1412 803 1472 maxime
818 1409 931 1484 seliceS,
955 1411 1180 1492 cumprimum
1197 1411 1288 1474 uobis
1305 1424 1328 1462 ¹0

29 1512 171 1583 timitari
201 1516 275 1579 uitia
304 1525 413 1578 nostra
443 1516 628 1597 contigerit!
669 1515 743 1597 quin
773 1517 879 1598 potius
910 1516 994 1579 mala
1025 1527 1129 1579 uestra
1156 1519 1285 1581 circum-

59 1624 184 1705 spicitis,
208 1643 289 1704 quae
312 1644 370 1685 uos
394 1622 545 1702 abomni
568 1630 659 1704 parte
682 1621 876 1699 confodiunt,
901 1622 961 1686 alia
977 1624 1152 1703 grassantia
1169 1625 1285 1686 extrin-

60 1750 161 1806 secus,
185 1728 246 1792 alia
267 1731 296 1791 in
320 1728 489 1792 uisceribus
512 1729 585 1811 ipsis
609 1730 770 1791 ardentia?
810 1750 874 1791 non
898 1750 936 1791 eo
960 1728 1032 1792 loco
1055 1750 1105 1791 res
1129 1730 1287 1793 humanae

60 1845 145 1911 sunt,
179 1837 302 1900 etiamsi
323 1845 442 1901 statum
465 1845 607 1899 uestrum
630 1856 741 1918 parum
766 1838 881 1912 nostis,
913 1845 947 1898 ut
969 1837 1060 1898 uobis
1083 1845 1207 1899 tantum
1232 1839 1288 1900 otii

60 1943 199 2025 supersit,
224 1944 312 2006 utin
335 1942 453 2026 probra
476 1940 641 2006 meliorum
665 1942 784 2025 agitare
807 1941 946 2024 linguam
971 1952 1069 2006 uacet.
1302 1958 1326 1996 ¹⁵

99 2133 101 2137 .
147 2049 297 2113 XXVIII.
329 2049 403 2114 Hoc
426 2070 484 2112 uos
508 2069 573 2110 non
595 2048 773 2130 intellegitis
797 2059 828 2110 et
852 2049 987 2112 alienum
1002 2049 1147 2113 fortunae
1163 2059 1286 2113 uestrae
1412 2040 1413 2046 ἵ

59 2156 181 2220 uoltum
204 2160 322 2238 geritis
345 2160 426 2220 sicut
448 2156 589 2238 plurimi,
613 2157 726 2240 quibus
749 2160 781 2220 in
805 2161 887 2220 circo
911 2167 965 2221 aut
989 2156 1116 2221 theatro
1140 2158 1285 2220 desiden-

58 2265 173 2328 tibus
166 2285 229 2327 iam
253 2263 376 2327 funesta
399 2265 587 2328 domustest
610 2286 669 2327 nec
692 2266 912 2328 adnuntiatum
937 2263 1064 2326 malum
1103 2273 1135 2327 at
1159 2284 1221 2345 ego
1245 2284 1287 2326 ex

58 2371 122 2435 alto
146 2373 341 2470 prospiciens
364 2371 467 2446 uide0,
490 2392 572 2452 quae
595 2381 804 2453 tempestates
826 2382 881 2435 aut
896 2374 1069 2434 inmineant
1056 2371 1175 2434 tuobis
1191 2369 1286 2452 paulo

57 2479 178 2542 tardius
208 2487 356 2559 rupturae
386 2477 530 2540 nimbum
561 2499 668 2554 suum,
701 2487 756 2540 aut
786 2481 848 2540 iam
881 2479 1000 2540 uicinae
1032 2498 1090 2540 uos
1121 2498 1159 2539 ac
1181 2487 1288 2541 uestra
1301 2489 1327 2528 ²⁰

58 2596 205 2668 rapturae
227 2587 357 2666 propius
380 2586 575 2646 accesserint
606 2586 681 2667 quid
697 2589 814 2666 porro?
838 2605 902 2646 non
918 2604 1001 2646 nunc
1016 2604 1171 2676 quoque,
1175 2587 1285 2647 etiam·
1343 2643 1348 2652 .

57 2695 80 2755 si
112 2713 225 2773 parum
249 2693 430 2766 sentitis,t
417 2691 511 2753 turbo
536 2693 665 2773 quidam
689 2694 811 2754 animos
835 2701 957 2753 uestros
982 2701 1067 2754 rotat
1091 2689 1284 2765 etinuoluit,

56 2798 177 2880 fugient
179 2820 213 2861 es
243 2807 298 2880 pet
300 2806 354 2860 ent
356 2818 452 2879 esque
484 2800 597 2861 eadem
630 2808 662 2861 et
693 2819 775 2860 nunc
804 2797 833 2859 in
857 2797 990 2861 sublime
1014 2797 1180 2862 adleuatos
1204 2817 1286 2861 nunc

56 2909 86 2968 in
109 2905 219 2969 infima
241 2903 382 2969 adlisos?
406 2903 536 2935 ******

58 3119 71 3170 1
91 3118 208 3184 quicquid
297 3118 390 3182 querite
480 3116 616 3168 2mollem
637 3131 706 3168 uuus
725 3113 906 3170 deteriorum:
928 3115 996 3167 mole
1087 3115 1190 3167 uuacat
1204 3113 1285 3180 (iuter

57 3225 70 3257 c
88 3210 116 3259 et
133 3223 148 3255 a
166 3202 272 3274 aliquid
288 3205 409 3271 erasum)
500 3204 517 3257 4
537 3221 629 3269 „quare
649 3247 697 3258 ...
717 3211 787 3255 cenat
796 3209 823 3255 ?“
843 3204 881 3257 itu
902 3202 985 3257 Gertz
1004 3203 1178 3273 interpunxit

57 3295 167 3347 bneuos
185 3300 227 3344 aut
246 3293 285 3360 (iu
303 3292 370 3359 rar.)
461 3293 570 3347 7soeda
588 3292 713 3363 lipsius:
735 3295 786 3344 fera
876 3292 1017 3359 8pecuni5
1036 3293 1071 3359 (m
1091 3291 1182 3361 erese)

57 3383 241 3436 9alcibiadem
259 3382 443 3452 nescioquis:
465 3384 498 3432 ali
517 3384 559 3432 ubi
578 3384 650 3432 adse
735 3381 767 3435 10
782 3384 864 3448 pedrl‘l
942 3395 988 3430 uos
1002 3381 1066 3449 [usu]
1081 3378 1213 3449 Meretur,
1234 3381 1285 3435 sed

57 3469 119 3525 uide
132 3474 157 3540 2,
171 3475 185 3524 4
207 3473 264 3538 quin
283 3474 363 3537 potius
382 3488 473 3536 quaero
492 3472 593 3537 aliquod
605 3489 648 3521 usu
661 3474 763 3539 bonum,
781 3473 849 3536 quod
861 3472 974 3535 sentiam,
993 3487 1043 3521 nou
1055 3472 1122 3537 quod
1135 3472 1283 3521 ostendam?

57 3559 91 3614 de
109 3559 184 3615 breu.
204 3561 251 3614 uir.
270 3565 296 3623 4,
315 3564 331 3612 4
349 3568 375 3611 ut
394 3561 475 3623 illam,
498 3562 566 3627 quod
584 3577 626 3610 usu
644 3578 694 3610 non
713 3569 822 3625 poterat,
848 3562 999 3625 cogitatione
1018 3566 1197 3625 praesumeret;
1222 3558 1282 3614 Le'u.

58 3652 99 3713 28,
118 3653 152 3702 46
172 3651 254 3699 adhuc
279 3650 383 3699 aliorum
407 3650 558 3714 speciosiora
583 3651 665 3714 primo
691 3651 808 3714 adspectu
834 3649 937 3699 consilia
955 3665 1052 3712 semper
1070 3650 1137 3709 uisa,
1165 3665 1221 3698 mea
1240 3666 1283 3699 usu

57 3777 159 3826 meliora
269 3776 300 3826 lt
326 3750 382 3841 qui1¹
474 3774 507 3827 14
530 3779 555 3823 ut
574 3771 632 3841 E':
654 3780 677 3824 et
779 3775 850 3823 uobis
869 3780 940 3825 tantu
959 3774 1002 3822 otii
1021 3775 1099 3838 supsit
1119 3769 1193 3838 (iude
1211 3770 1283 3825 ubil

58 3864 145 3917 omme
164 3863 191 3916 in
211 3879 313 3918 rasura
332 3867 449 3932 excepte
462 3861 551 3916 littera
564 3880 575 3912 s
588 3861 691 3931 anteit)
783 3863 816 3915 ’16
835 3870 914 3927 nostre
927 3863 996 3913 uultu
1087 3859 1120 3913 18
1139 3867 1176 3910 est
1189 3861 1282 3926 (corr.)

147 3989 179 4042 19
199 3965 339 4055 prospicieii
358 3989 430 4038 uideo
444 3989 471 4053 (n
483 3985 588 4050 additu,
601 4004 612 4035 s
625 3991 655 4040 ut
667 3984 777 4040 uidetur.
789 4003 823 4040 m.
833 3990 889 4057 pr.)
968 3985 1002 4039 20
1016 3987 1065 4035 iam
1078 3982 1241 4038 Ptueiattur:
1257 3989 1283 4036 tu

144 4078 176 4132 21
204 4094 267 4128 nunc
287 4075 366 4130 dett:
387 4094 451 4126 nunc
470 4093 501 4126 ne
598 4074 632 4128 23
656 4081 818 4141 petentesq3*
921 4076 1039 4125 alleuatos
1059 4072 1153 4142 (prior
1170 4073 1178 4120 l
1198 4074 1282 4139 corr.)

96 4191 102 4198 ·
144 4166 179 4221 24
205 4167 288 4216 allisos
307 4165 402 4236 (prior
419 4166 429 4214 l
447 4164 531 4230 corr.)
