3046 5092
248 330 306 390 154
486 321 565 364 DlAL.
582 322 619 364 vl.
647 322 689 362 AD
704 322 847 362 MARCIAM
862 322 903 362 DE
916 321 1160 364 CONSOLATlONEi
1189 325 1222 365 26.

243 468 317 549 fingi
340 477 395 530 aut
418 469 547 547 cogitari
570 489 629 530 nec
652 468 720 530 sora
743 466 847 528 litibus
870 477 1010 547 strepere
1034 468 1101 529 dies
1124 479 1312 550 perpetuos,
1337 467 1413 530 nihil
1438 469 1467 528 in

243 577 388 650 obscum,
411 577 553 637 detectas
577 585 699 637 mentes
719 583 752 636 et
775 584 884 655 aperta
906 575 1090 654 praecordia
1105 585 1137 636 et
1153 576 1183 636 in
1199 573 1326 657 publico
1344 575 1467 636 medio-

242 703 303 764 que
326 683 423 744 uitam
447 691 479 743 et
502 682 604 743 omnis
628 682 695 742 aeui
719 691 922 762 prospectum
939 681 1211 762 uenientiumque?
1235 682 1362 744 iuuabat
1378 679 1501 743 uniusb

242 810 295 850 me
325 789 439 851 saeculi
469 789 552 851 iacta
582 809 761 869 conponere
792 789 822 849 in
854 796 944 869 parte
967 787 1076 850 ultima
1099 789 1208 850 mundi
1232 798 1264 850 et
1287 789 1367 850 inter
1391 809 1467 871 pau-

215 897 383 957 tcissimos
407 904 513 976 gesta:
539 905 588 957 tot
611 894 743 970 saecula,
766 904 816 957 tot
838 896 988 957 aetatium
1013 903 1198 957 contextam
1222 895 1351 970 seriem,
1376 896 1468 977 quid·

242 1003 317 1083 quid
340 1022 494 1064 annorum
518 983 575 1077 est,
599 1002 670 1063 licet
693 1003 800 1064 uisere.
831 1001 902 1062 licet
925 1010 1108 1076 surrectura,
1131 1000 1204 1064 licet
1227 1003 1345 1064 ruitura
1369 1023 1470 1084 regna

242 1110 421 1190 prospicere
452 1119 483 1170 et
515 1130 702 1190 magnarum
733 1109 873 1175 urbium.
892 1107 996 1190 lapsus
1028 1119 1060 1171 et
1091 1109 1185 1171 maris
1216 1129 1318 1171 nouos
1350 1130 1468 1171 cursus.

242 1236 314 1276 nam
338 1216 363 1276 si
386 1215 442 1288 tibi
464 1224 572 1297 potest
595 1216 712 1278 solacio
736 1237 806 1277 esse
829 1216 964 1277 desideri
987 1216 1030 1277 tui
1054 1236 1224 1277 commune
1247 1215 1362 1292 latum,
1394 1214 1502 1278 nihttt

241 1343 304 1404 quo
336 1331 399 1386 stat
430 1322 501 1384 loco
525 1323 636 1398 stabit,
668 1325 774 1384 omnia
797 1331 915 1384 sternet
945 1323 1146 1404 abducetque
1176 1343 1284 1386 secum
1316 1331 1469 1386 uetustas.

203 1446 227 1484 10
241 1449 300 1490 nec
331 1429 510 1491 hominibus
540 1429 643 1491 solum
673 1433 781 1511 (quota
811 1431 893 1490 enim
926 1430 983 1491 ista
1006 1428 1153 1492 fortuitae
1175 1431 1338 1511 potentiae
1360 1433 1469 1512 portio

241 1540 336 1612 est?)‚
368 1536 424 1597 sed
448 1535 536 1611 locis,
560 1538 618 1598 sed
642 1537 836 1618 regionibus,
861 1537 918 1598 sed
943 1537 1049 1598 mundi
1073 1536 1213 1618 partibus
1237 1535 1333 1599 ludet.
1380 1546 1470 1603 totos

241 1643 414 1723 supprimet
443 1652 567 1705 montes
592 1653 622 1705 et
646 1643 718 1704 alibi
741 1664 834 1725 rupes
857 1644 886 1703 in
910 1643 1008 1705 altum
1032 1664 1130 1705 nouas
1155 1643 1321 1726 exprimet.
1370 1645 1471 1706 maria

241 1749 398 1823 sorbebit,
437 1750 565 1812 flumina
595 1759 715 1834 auertet
746 1759 778 1811 et
809 1751 1001 1811 commercio
1033 1750 1173 1830 gentium
1207 1758 1301 1831 rupto
1332 1750 1468 1812 societa-

228 1865 305 1923 ‚tem
331 1858 453 1936 generis
476 1856 603 1918 humani
627 1867 818 1938 coetumque
834 1857 993 1918 dissoluet.
1040 1855 1111 1918 alib'i
1127 1856 1263 1919 hiatibus
1279 1856 1376 1918 uastis
1393 1856 1468 1919 sub·

203 1982 227 2022 ts
241 1964 336 2024 ducet
367 1964 475 2037 urbes,
506 1964 693 2034 tremoribus
725 1964 844 2045 quatiet
875 1974 907 2025 et
938 1983 979 2024 ex
1002 1963 1110 2025 infimo
1133 1962 1329 2044 pestilentiae
1352 1962 1469 2026 halitus

243 2069 347 2130 mittet
382 2079 414 2130 et
450 2071 703 2132 inundationibus
733 2071 884 2150 quidquid
915 2069 1074 2131 habitatur
1105 2069 1246 2131 obducet
1277 2069 1468 2152 necabitque

241 2194 337 2235 omne
360 2175 474 2236 animal
497 2176 575 2237 orbe
598 2177 762 2238 submerso
786 2185 818 2238 et
841 2177 964 2257 ignibus
988 2177 1083 2238 uastis
1107 2176 1241 2239 torrebit
1255 2177 1468 2259 incendetque

242 2281 394 2343 mortalia.
441 2291 473 2344 et
504 2303 575 2372 cum
606 2292 732 2366 tempus
755 2282 930 2358 aduenerit,
955 2304 1019 2364 quo
1042 2304 1077 2345 se
1100 2284 1236 2346 mundus
1260 2294 1467 2347 renouatums

242 2389 415 2468 extinguat,
440 2389 555 2451 uiribus
578 2391 637 2450 ista
659 2411 694 2452 se
716 2392 778 2452 suis
802 2391 935 2453 caedent
958 2400 991 2452 et
1014 2392 1117 2452 sidera
1139 2389 1292 2453 sideribus
1309 2393 1467 2455 incurrent

201 2514 227 2554 io
242 2503 274 2556 et
304 2497 389 2556 omni
421 2495 573 2576 flagrante
605 2497 736 2558 materia
766 2519 829 2558 uno
860 2499 933 2577 igne
963 2496 1114 2578 quidquid
1138 2517 1220 2558 nunc
1244 2518 1285 2559 ex
1310 2499 1466 2580 disposito

241 2599 323 2663 lucet
347 2602 478 2665 ardebit.
522 2624 580 2665 nos
602 2625 728 2685 quoque
752 2603 855 2665 felices
879 2605 1001 2665 animae
1024 2612 1056 2665 et
1079 2612 1207 2666 aeterna
1230 2605 1371 2680 sortitae,
1395 2614 1498 2669 cumi

242 2709 304 2769 deo
329 2710 429 2770 uisum
453 2711 510 2772 erit
533 2711 644 2772 iterum
669 2712 728 2772 ista
752 2710 860 2785 moliri,
883 2703 1062 2773 labentibus
1085 2711 1203 2773 cunetis
1219 2720 1251 2772 et
1266 2712 1354 2792 ipsae
1370 2733 1467 2794 parua

242 2818 348 2877 urinae
379 2817 513 2896 ingentis
544 2818 682 2879 accessio
714 2818 744 2879 in
775 2818 902 2897 antiqua
933 2816 1091 2879 elementa
1121 2827 1287 2880 uertemur.
1342 2816 1466 2884 felicem

241 2920 337 2983 filium
361 2931 459 2999 tuum,
482 2924 608 2999 Marcia,
632 2927 683 3005 qui
706 2926 764 2986 ista
787 2925 848 2986 iam
872 2925 978 2986 nouit!

241 3206 258 3258 4
282 3222 431 3270 componere
545 3200 583 3255 in¹
600 3214 669 3271 parte
694 3208 796 3256 minima
821 3204 934 3276 Madut'q
958 3206 1009 3260 sed
1030 3221 1068 3259 ex
1098 3205 1223 3267 orbibuS‚
1256 3206 1356 3276 quibus
1383 3205 1470 3263 Stoici

242 3291 371 3346 mundum
390 3300 516 3349 constare
529 3294 673 3364 putabant,
693 3304 769 3349 terro
788 3294 875 3348 medio
894 3295 975 3348 idest
993 3294 1086 3348 nltino
1099 3295 1286 3349 continebatur
1371 3297 1392 3350 tt⁴
1407 3315 1468 3377 con·v

243 3424 332 3467 textam
351 3420 438 3469 seriem
458 3417 587 3487 Maduiq:
609 3427 748 3470 contextum
767 3422 854 3470 seriem
934 3421 1076 3473 8desideri
1161 3393 1396 3487 9abducetq3⁵een

248 3507 276 3560 t0
300 3515 375 3573 quota
402 3511 426 3573 (a
446 3508 472 3560 t'n
492 3510 557 3574 ros.)
688 3510 724 3560 ll·
743 3517 808 3558 totos
829 3508 923 3562 Gertz:
944 3517 1004 3558 tots
1040 3510 1107 3574 (roa
1127 3507 1206 3561 unitur
1224 3506 1340 3576 litterae)

245 3596 276 3648 12
301 3600 435 3662 supprimet
454 3596 617 3650 deteriores:
639 3600 767 3663 supprimit
838 3600 969 3671 ¹inaltum
983 3588 1147 3651 deteriores:
1169 3599 1194 3647 in
1207 3599 1281 3648 alium
1376 3599 1408 3653 ’14
1428 3616 1468 3664 co·

241 3697 341 3752 tumque
429 3688 559 3736 subduces
580 3689 647 3741 tros.
667 3685 785 3740 duarum
804 3685 967 3753 litterarum)
1050 3686 1082 3738 15
1100 3689 1191 3752 quatiet
1210 3693 1233 3736 et
1251 3705 1280 3737 ex
1299 3685 1466 3742 deteriores:

242 3792 289 3840 qua
407 3781 430 3824 et
454 3792 482 3824 ex
508 3773 568 3828 cod.
594 3790 654 3827 ontn
678 3790 780 3828 rasura
915 3775 1050 3839 pestilentie
1080 3772 1140 3828 cod.
1166 3775 1227 3828 item
1253 3774 1383 3846 Neapot„
1414 3792 1467 3830 non

243 3864 380 3929 pestilentes
472 3864 504 3916 16
530 3865 620 3913 halitus
639 3865 718 3913 mittet
737 3863 901 3919 deteriores:
928 3865 999 3913 alitus
1017 3864 1091 3912 mittit
1198 3865 1341 3930 necabitqn

243 3950 277 4004 17
296 3953 397 4002 torrebit
415 3951 514 4021 ttttho:
535 3954 627 4002 orrebit
729 3951 761 4005 19
781 3941 867 4003 cedent
978 3951 1013 4005 20
1031 3949 1118 4017 igni'
1181 3952 1215 4005 22
1234 3954 1281 4003 ista
1300 3951 1464 4008 detentores:

241 4040 312 4090 istam
403 4042 456 4106 ipse
