3046 5092
156 315 218 375 152
371 308 450 351 DlAL.
466 309 503 351 Vl.
531 307 573 347 AD
588 307 732 348 MARClAM
746 307 787 346 DE
802 305 1044 349 CONSOLATIONE.
1072 307 1106 348 li.
1120 308 1154 350 25.

153 456 258 518 nititur
281 454 350 529 illo,
374 453 456 515 unde
481 454 635 515 demissus
658 462 713 514 est.
760 452 802 513 ibi
825 450 910 513 illum
934 461 1061 514 aeterna
1084 453 1206 533 requies
1231 461 1341 514 manet
1365 473 1382 514 e

153 560 287 623 confusis
311 562 484 640 crassisque
506 581 585 642 pura
608 569 639 621 et
662 559 778 641 liquida
800 560 960 621 uisentem.

241 667 346 730 XXV.
392 667 528 728 Proinde
559 687 623 727 non
654 674 702 728 est
732 666 820 746 quod
851 667 892 727 ad
920 664 1097 747 sepulcrum
1121 665 1162 727 iili
1185 666 1230 727 tui
1253 667 1416 736 curras21

152 775 289 858 pessima
312 774 378 835 eius
402 782 433 835 et
456 773 514 855 ipsi
537 772 758 835 molestissima
781 773 848 833 istic
871 773 980 845 iacent,
1005 793 1079 834 ossa
1101 774 1293 854 cineresque,
1318 794 1384 834 non

126 883 253 962 magis
291 879 370 942 illius
408 888 514 962 partes
551 900 646 960 quam
685 887 791 940 uestes
829 878 950 958 aliaque
988 880 1163 959 tegimenta
1200 900 1384 961 corporum.

152 990 274 1068 integer
303 986 354 1047 ille
382 985 519 1066 nihilque
542 987 573 1046 in
596 987 685 1047 terris
707 963 883 1066 relinquens
906 986 953 1046 sui
976 984 1055 1064 sugit
1079 993 1110 1046 et
1133 994 1219 1047 totus
1245 988 1384 1048 excessit

153 1092 344 1177 paulumque
374 1113 469 1175 supra
496 1113 555 1154 nos
579 1102 811 1166 commoratuS,
843 1093 920 1154 dum
945 1084 1140 1173 expurgatui
1164 1102 1195 1153 et
1218 1091 1383 1155 inhaeren-

153 1202 196 1262 tia
219 1201 293 1262 uitia
316 1199 472 1281 situmque
496 1219 625 1261 omnem
650 1198 791 1261 mortalis
815 1200 884 1260 aeui
907 1200 1034 1273 excutit,
1058 1200 1174 1261 deinde
1195 1201 1237 1261 ad
1254 1199 1385 1262 excelsa

153 1306 293 1370 sublatus
329 1307 408 1367 inter
439 1303 543 1368 felices
574 1306 668 1367 currit
698 1305 835 1368 animas:
876 1306 993 1386 excipit
1025 1303 1110 1366 illum
1142 1314 1252 1366 coetus
1283 1326 1384 1381 sacer,

115 1427 139 1467 ¹⁰
153 1411 317 1493 Scipiones
333 1411 542 1493 Catonesque,
565 1413 706 1493 interque
729 1420 967 1492 contemptores
991 1413 1073 1473 uitae
1096 1419 1128 1472 et
1152 1412 1265 1472 inertis
1284 1412 1384 1474 bene·

125 1519 224 1600 ‚ticio
247 1517 362 1580 liberos
386 1539 498 1600 parens
523 1527 602 1593 tuus,
615 1517 752 1597 Marcia,
778 1517 857 1598 [illic]
882 1528 1033 1599 nepotem
1056 1539 1161 1592 suum,
1185 1539 1383 1602 quamquam
1402 1534 1416 1586 2

152 1625 212 1688 illic
236 1626 383 1695 omnibus
406 1645 503 1686 omne
526 1634 700 1703 cognatum
724 1633 781 1699 est,
805 1624 941 1705 adplicat
964 1624 1022 1687 sibi
1045 1645 1129 1686 noua
1152 1624 1221 1687 luce
1238 1628 1381 1706 gauden-

153 1741 218 1793 tem
251 1739 282 1793 et
312 1732 484 1793 uicinorum
515 1730 652 1793 siderum
682 1739 806 1793 meatus
829 1732 940 1806 docet,
972 1752 1030 1801 nec
1054 1751 1096 1793 ex
1120 1732 1301 1794 coniectura
1325 1735 1384 1795 sed

154 1839 293 1901 omnium
325 1859 368 1900 ex
399 1859 474 1900 uero
505 1839 621 1919 peritus
649 1839 680 1899 in
708 1858 822 1900 arcana
852 1847 982 1900 naturae
1012 1838 1112 1900 libens
1144 1839 1237 1901 ducit.
1285 1847 1384 1922 utque

117 1959 139 1999 ¹⁵
153 1947 333 2026 ignotarum
373 1945 494 2006 urbium
528 1953 722 2010 monstrator
752 1944 868 2025 hospiti
899 1953 1007 2026 gratus
1037 1954 1102 2020 est,
1140 1945 1184 2006 ita
1213 1946 1384 2008 sciscitanti

155 2051 336 2113 caelestium
368 2071 476 2112 causas
507 2052 699 2113 domesticus
730 2052 890 2132 interpres.
938 2052 1022 2112 etin
1045 2051 1203 2133 profunda
1225 2060 1383 2114 terrarum

154 2159 337 2238 permittere
368 2158 467 2219 aciem
491 2157 597 2233 ieaat,
630 2159 714 2219 iuuat
738 2158 820 2219 enim
845 2177 887 2218 ex
911 2156 976 2219 alto
1000 2156 1107 2220 relicta
1129 2159 1293 2240 respicere.
1341 2160 1416 2224 sies

154 2264 259 2345 itaque
282 2273 330 2338 te,
354 2264 489 2340 Marcia,
516 2285 607 2345 gere,
630 2274 794 2347 tamquam
818 2265 877 2326 sub
902 2265 999 2326 oculis
1022 2266 1119 2346 patris
1141 2265 1246 2346 filique
1268 2266 1384 2347 posita,

155 2391 219 2432 non
249 2370 372 2436 illorum
404 2392 484 2451 quos
514 2392 664 2447 noueraS,
696 2373 753 2433 sed
783 2381 873 2434 tanto
905 2371 1114 2456 excelsiorum
1146 2381 1178 2434 et
1200 2373 1230 2432 in
1254 2393 1383 2434 summo

115 2490 140 2530 20
154 2475 340 2539 locatorum.
362 2477 522 2539 ‘erubesce
538 2479 706 2559 quicquam
723 2478 839 2539 humile
855 2488 908 2539 aut
925 2477 1054 2558 uolgare
1061 2479 1176 2557 facere
1193 2486 1224 2549 et
1240 2487 1385 2541 mutatos

154 2585 185 2644 in
216 2583 325 2646 melius
354 2593 427 2646 tuos
451 2583 552 2645 llere..
579 2572 615 2646 111
633 2594 762 2646 aeterna
785 2606 888 2647 rerum
912 2605 968 2666 per
991 2584 1090 2646 libera
1112 2594 1144 2646 et
1167 2594 1257 2646 uasta
1279 2586 1385 2666 spatia

156 2691 301 2752 dimissos
326 2711 390 2751 non
414 2690 483 2752 illos
506 2689 654 2751 interfusa
678 2691 776 2752 maria
799 2690 978 2752 discludunt
1001 2711 1059 2752 nec
1074 2691 1207 2754 altitudo
1224 2694 1383 2754 montium

157 2937 171 2989 1
192 2939 311 2988 demissus
329 2935 460 3007 Madaip:
481 2937 608 2986 dimissum
699 2955 713 2987 e
731 2937 837 2987 confusis
856 2939 990 3002 crassisque
1008 2934 1072 2991 olim
1091 2941 1258 2991 correctam:
1279 2944 1304 2988 et
1325 2954 1384 2988 con·

157 3029 216 3076 fusis
240 3029 356 3092 grassisq;
468 3025 483 3079 6
509 3027 645 3090 relinquens
670 3027 706 3075 sui
731 3024 840 3079 Haase:
868 3027 1004 3092 relinquens
1029 3030 1066 3077 uis
1174 3027 1189 3080 7
1213 3032 1385 3078 commoratus

157 3115 323 3169 deteriores:
345 3123 512 3166 commoratur
608 3115 743 3164 inherentia
838 3115 855 3168 8
874 3132 974 3166 omnem
994 3115 1159 3170 deteriores:
1181 3117 1293 3167 omnium

157 3204 328 3270 9excipitque
353 3203 454 3274 Neap.:
477 3206 571 3270 excepit
687 3203 719 3253 '10
739 3209 762 3252 et
781 3206 866 3253 mortis
885 3200 1006 3254 beneficio
1032 3203 1060 3258 Ε
1065 3207 1089 3254 ¹:
1111 3211 1134 3255 et
1152 3205 1275 3256 beneficio
1336 3224 1339 3228 ⁸

158 3329 189 3382 ’11
219 3305 268 3378 illic
292 3327 368 3391 eod,
394 3327 494 3382 deleuit
519 3325 594 3383 Koch
614 3332 732 3400 propter
756 3328 897 3397 sequentia
921 3346 1071 3394 quamquam
1095 3330 1145 3380 illic
1168 3330 1284 3391 omnibus
1309 3347 1387 3380 omne

158 3424 290 3482 cognatum
311 3425 359 3481 est,
385 3418 413 3470 in
432 3417 620 3473 constituendo
639 3426 694 3473 toto
712 3417 850 3472 enaritiato
869 3416 1040 3487 Madaiqiem
1057 3424 1180 3481 secatus,
1206 3419 1247 3468 ille
1266 3415 1387 3488 Medeia

251 3515 283 3569 13
304 3517 347 3565 sed
367 3518 383 3565 d
402 3518 512 3565 omnium
599 3515 628 3568 15
647 3521 796 3566 monstrator
816 3514 912 3569 Cario:
934 3521 1082 3566 monstratus
1173 3515 1205 3569 16
1223 3517 1287 3565 inter
1307 3534 1386 3583 prese

248 3613 280 3665 17
299 3614 439 3678 permittere
463 3615 542 3662 aciem
562 3614 641 3674 iuuat,
666 3615 732 3663 iuuat
750 3611 826 3666 Koch
846 3615 937 3680 (iuuat,
963 3614 1068 3663 delectat
1087 3610 1221 3679 Muretus)
1242 3617 1387 3678 permittent

157 3755 250 3815 aciem,
270 3757 336 3802 iuuat
358 3751 454 3806 Gertz:
476 3755 592 3818 pmittere
610 3756 777 3804 aciem-iuuat
893 3754 925 3806 18
945 3729 1027 3821 filique
1143 3753 1174 3806 19
1195 3757 1379 3808 excelsiorum*

160 3881 198 3928 rin
218 3895 314 3927 summo
333 3850 449 3931 loeson.
559 3877 593 3930 20
617 3879 733 3929 erubesce
758 3877 921 3934 deteriores:
947 3881 1056 3929 erubesci
1163 3881 1281 3930 humiles
1309 3883 1387 3948 (ran,

154 3966 278 4035 sortasse
296 3967 332 4033 m)
431 3968 512 4016 iacere
532 3964 640 4020 addida
659 3965 752 4021 Haase
852 3970 884 4022 21
905 3972 1090 4024 flere.etemae
1110 3969 1187 4036 (ras,
1203 3966 1330 4037 fortasse
1348 3973 1385 4039 m)

157 4074 237 4106 rerum
256 4074 300 4121 per
318 4057 419 4106 libera-s
440 4058 514 4124 (ras,
530 4054 653 4123 fortasse
671 4058 707 4122 m)
726 4064 751 4107 et
770 4060 941 4122 uasta.spatia
959 4060 1064 4109 dimissi.
1085 4061 1154 4131 (llere
1170 4058 1197 4111 ia
1211 4058 1268 4127 fine
1286 4075 1386 4114 uersits

157 4155 182 4200 et
202 4144 298 4200 charta
318 4144 478 4216 splendida;
501 4144 535 4199 de
554 4143 643 4198 delete
656 4162 722 4199 uoce
735 4149 759 4195 in
772 4144 839 4199 Itali
844 4160 965 4215 prorsas
977 4146 1192 4214 somniauerunt)
1206 4147 1266 4202 eod.
1281 4151 1385 4201 flere.in

158 4243 257 4286 aeterna
275 4253 355 4286 rerum
375 4254 417 4301 per
436 4237 515 4286 libera
527 4243 551 4285 et
564 4241 633 4285 uasta
646 4237 726 4300 spatia
739 4224 852 4285 dimissos
866 4233 955 4304 aalys,
976 4235 1004 4288 in
1016 4250 1071 4305 qua
1084 4235 1197 4290 lectione
1209 4237 1385 4306 acquiescere

157 4323 239 4378 livere
256 4330 339 4394 paim
366 4341 400 4378 ae
425 4324 485 4394 qais
510 4323 579 4377 enim
605 4322 720 4377 saisiatae
746 4326 810 4377 flere.
836 4331 987 4373 aeternarum
1013 4341 1092 4373 rerum
1111 4342 1155 4389 per
1174 4326 1253 4375 libera
1272 4334 1295 4375 et
1315 4332 1384 4376 uasta

157 4415 237 4479 spatia
256 4413 346 4467 obstat
365 4413 515 4467 coaioeea'o
531 4412 744 4483 praepositionis
763 4429 780 4465 a
800 4408 911 4478 Seneca,
931 4416 1062 4480 quantam
1080 4411 1147 4478 seio,
1166 4411 1258 4466 aliena
