3060 5078
227 337 290 399 272
465 333 546 376 DlAL.
561 331 612 375 ΧΠ.
642 333 683 373 ΑΙ)
698 331 851 373 POLlfBlVM
867 331 907 372 DE
922 330 1163 376 CONSOLATIONE.
1191 335 1212 377 2.

315 480 350 540 Il.
390 481 471 542 Illud
501 501 627 561 quoque
658 489 690 541 te
721 493 784 540 n‘on
816 478 980 540 minimum
1012 479 1237 555 adiuuerit„„si
1260 477 1458 558 cogitaueris
1482 494 1491 545 1

225 586 299 648 nihss
322 587 519 669 profuturum
544 588 688 649 dolorem
712 597 802 648 tuum
826 587 957 661 necilli,
981 607 1076 667 quem
1101 575 1270 660 desideras,
1295 605 1356 646 nec
1373 585 1454 647 tibi:

224 694 313 756 noles
344 696 426 756 enim
458 694 589 774 longum
623 715 707 768 esse,
739 696 827 774 quod
858 695 983 756 inritum
1015 704 1084 756 est..
1119 713 1193 754 nam
1224 693 1249 755 si
1281 692 1457 772 quicquam

225 802 349 862 tristitia
371 802 540 882 profecturi
563 822 680 875 sumus,
703 822 768 862 non
792 821 902 863 recuso
923 801 1075 882 quidquid
1090 800 1289 861 lacrimarum
1307 798 1460 860 fortunae

200 928 317 969 imeae
349 908 515 989 superfuit,
546 916 619 969 tuae
650 907 788 969 fundere.
834 908 990 969 inueniam
1022 910 1201 968 etiamnunc
1231 927 1288 987 per
1311 905 1375 967 hos
1400 926 1458 966 ex-

226 1015 357 1076 haustos
388 1016 448 1076 iam
481 1014 605 1076 fletibus
637 1015 818 1076 domesticis
850 1015 958 1085 oculos
982 1016 1069 1097 quod
1094 1014 1216 1088 effluat,
1246 1016 1272 1074 si
1296 1015 1402 1075 modo
1426 1014 1461 1074 id

203 1122 281 1183 -tibi
313 1121 451 1185 futurum
482 1123 569 1183 bono
602 1129 658 1183 est
705 1121 780 1202 quid
804 1125 928 1184 cessas?
958 1139 1214 1201 conqueramur,
1246 1128 1343 1201 atque
1370 1120 1497 1185 adeo?

227 1231 292 1309 ipse
316 1228 397 1290 hanc
417 1227 502 1289 litem
526 1249 629 1289 meam
654 1227 784 1290 faciam:
813 1228 1002 1309 iniquissima
1026 1228 1167 1288 omnium
1188 1227 1301 1288 iudicio
1317 1225 1461 1300 fortuna,

226 1337 331 1396 adhuc
347 1336 505 1396 uidebaris
522 1338 553 1396 in
569 1356 609 1396 eo
626 1335 754 1396 homine
770 1344 802 1396 te
818 1336 1016 1409 continuisse,
1040 1338 1092 1415 qui
1110 1354 1238 1396 munere
1254 1341 1461 1395 tuotantam

190 1463 212 1500 ro
227 1442 462 1517 uenerationem
487 1451 667 1522 receperat,
697 1450 747 1515 ut,
780 1443 867 1521 quod
891 1462 963 1502 raro
987 1441 1038 1502 ulli
1063 1442 1209 1520 contigit,
1234 1439 1368 1500 felicitas
1394 1440 1463 1501 eius

227 1549 380 1628 effugeret
411 1549 579 1609 inuidiam:
615 1568 688 1609 ecce
720 1568 792 1609 eum
825 1548 970 1609 dolorem
994 1547 1051 1622 illi,
1082 1566 1178 1629 quem
1202 1545 1290 1608 saluo
1316 1544 1464 1609 Caesare

227 1658 368 1736 accipere
392 1656 568 1716 maximum
591 1663 725 1735 poterat,
750 1656 927 1736 inpressisti,
952 1664 984 1717 et
1009 1675 1080 1715 cum
1104 1655 1185 1715 bene
1206 1653 1291 1715 illum
1314 1655 1465 1734 undique

227 1763 402 1837 circuisses,
433 1761 614 1823 intellexisti
646 1760 705 1822 hac
736 1771 827 1842 parte
857 1762 1084 1823 tantummodo
1115 1770 1224 1842 patere
1247 1761 1365 1822 ictibus
1391 1763 1464 1823 tuis

180 1917 185 1923 .
227 1869 304 1949 quid
335 1869 418 1929 enirn
449 1868 489 1929 illi
520 1867 603 1929 aliud
635 1867 774 1929 faceres?
814 1870 978 1948 pecuniam
1012 1868 1168 1949 eriperes?
1207 1887 1388 1947 numquam
1422 1868 1466 1930 illi
1486 1882 1501 1930 :3

191 1996 213 2034 n
227 1975 386 2036 obnoxius
417 1975 481 2036 fuit.
528 1995 610 2036 nunc
640 1995 784 2056 quoque,
816 1984 968 2056 quantum
992 1983 1115 2055 potest,
1147 1975 1231 2035 illam
1255 1994 1274 2034 a
1296 1993 1334 2035 se
1361 1975 1467 2055 abigit

228 2091 260 2143 et
290 2082 320 2142 in
351 2091 439 2142 tanta
470 2079 616 2142 facilitate
646 2082 830 2163 adquirendi
863 2081 979 2144 nullum
1012 2084 1165 2144 maiorem
1189 2103 1231 2143 ex
1256 2100 1294 2142 ea
1319 2081 1466 2144 fructum

227 2209 323 2270 quam
355 2197 575 2269 contemptum
607 2189 671 2248 eius
696 2191 790 2269 petit.
838 2190 973 2271 eriperes
997 2190 1036 2250 illi
1060 2191 1200 2251 amicos?
1239 2189 1368 2252 sciebas
1393 2199 1502 2253 tamt

228 2294 397 2356 amabilem
414 2315 492 2369 esse,
513 2304 547 2356 ut
563 2295 652 2357 facile
668 2297 698 2356 in
715 2296 820 2357 locum
837 2297 1023 2358 amissorum
1039 2306 1149 2378 posset
1165 2296 1241 2358 alios
1257 2296 1468 2358 substituere.

229 2422 324 2462 unum
358 2402 440 2462 enim
472 2401 555 2462 hunc
584 2423 625 2463 ex
649 2401 713 2477 his,
744 2423 825 2484 quos
849 2404 879 2463 in
902 2403 1063 2484 principali
1087 2403 1186 2465 domo
1210 2413 1365 2483 potentes
1391 2405 1470 2480 uidi,

188 2526 214 2565 20
228 2509 416 2586 cognouisse
450 2509 575 2583 uideor,
607 2530 703 2590 quem
728 2509 874 2570 omnibus
898 2511 1034 2571 amicum
1058 2510 1175 2571 habere
1199 2530 1271 2597 cum
1294 2511 1469 2590 expediat,

229 2617 330 2706 magis
354 2625 462 2677 tamen
487 2615 592 2677 etiam'
606 2616 692 2679 libet.
731 2616 868 2696 eriperes
892 2615 931 2677 illi
955 2617 1073 2678 bonam
1091 2617 1294 2698 opinionem?
1328 2617 1469 2679 solidior
1489 2629 1504 2674 ξι

143 2797 146 2801 ,
229 2733 277 2786 est
308 2722 387 2784 haec
418 2724 502 2803 apud
534 2743 623 2798 eum,
654 2743 750 2803 quarn
781 2731 817 2784 ut
847 2743 866 2783 a
898 2734 928 2783 te
959 2703 1175 2803 quoque'ipsa
1199 2723 1323 2784 concuti
1350 2725 1469 2803 possit,

229 2831 364 2911 eriperes
403 2829 521 2890 bonam
560 2829 792 2891 ualetudinem?
840 2829 961 2891 sciebas
1000 2832 1139 2890 animum
1178 2831 1242 2891 eius
1279 2828 1470 2892 liberalibus

230 2937 412 3017 discipliniS,
437 2937 550 3017 quibus
573 2958 637 2998 non
662 2937 826 2999 innutritus
850 2945 988 3011 tantum,
1011 2939 1068 2998 sed
1092 2938 1215 2998 innatus
1239 2945 1295 3011 est,
1321 2938 1379 2999 sic'
1393 2959 1469 3000 esse

190 3058 215 3096 25
230 3042 410 3116 fundatum,
446 3051 480 3103 ut
517 3063 611 3124 supra
643 3044 745 3104 omnis
777 3045 918 3123 corporis
948 3043 1076 3105 dolores
1107 3044 1265 3106 emineret.
1322 3045 1503 3124 eriperesti

216 3151 393 3230 spiritum?
432 3149 616 3230 quantulum
649 3152 829 3212 nocuisses?
868 3150 1084 3231 longissimum
1115 3149 1155 3211 illi
1187 3151 1314 3228 ingenio
1345 3171 1466 3213 aeuum

230 3254 314 3316 fama
338 3258 491 3336 promisit.
537 3255 566 3316 id
591 3257 656 3336 egit
679 3257 754 3337 ipse,
778 3266 812 3316 ut
836 3257 966 3318 meliore
989 3258 1034 3318 sui
1057 3266 1147 3337 parte
1171 3258 1299 3319 duraret
1325 3267 1359 3320 et
1384 3279 1465 3319 con-

230 3363 339 3443 positis
372 3361 569 3442 eloquentiae
597 3343 764 3442 praeclaris
788 3364 936 3443 operibus
960 3384 979 3424 a
1002 3364 1196 3451 mortalitate
1218 3384 1253 3424 se
1276 3364 1466 3427 uindicaret.

232 3558 245 3608 1
274 3557 336 3605 lllud
361 3573 457 3620 quoque
480 3566 503 3606 te
524 3554 548 3608 Β
567 3557 627 3604 illud
651 3563 675 3606 te
699 3570 794 3622 quoque
814 3554 867 3609 ΒΕ
991 3557 1007 3610 2
1030 3574 1075 3607 nec
1101 3558 1136 3606 illi
1159 3574 1231 3622 quem
1252 3555 1339 3626 Neap.
1360 3575 1409 3609 nec
1430 3561 1468 3609 illi

231 3647 330 3711 quidem
351 3660 422 3709 quem
446 3642 523 3697 ΒΒΕ
616 3644 631 3697 3
657 3646 725 3694 noles
744 3642 798 3697 ΒΕ
814 3647 882 3694 uoles
904 3643 927 3696 Β
1028 3644 1044 3697 7
1069 3647 1136 3695 bono
1156 3644 1182 3698 B
1200 3647 1293 3696 bonum
1313 3644 1370 3700 ΒΕ

232 3733 247 3794 9
267 3736 348 3784 adhuc
368 3735 467 3799 ,fortuna
490 3731 514 3785 B
639 3735 663 3783 in
683 3750 712 3783 eo
731 3735 832 3783 homine
851 3741 875 3784 te
900 3730 1030 3804 Madm'q:
1052 3752 1107 3784 eum
1126 3736 1252 3785 hominem
1273 3732 1356 3788 ΒΒΕ

232 3840 331 3873 munere
352 3821 376 3874 B
394 3829 477 3872 mutuo
501 3819 551 3873 ΒΕ
620 3821 654 3873 10
680 3824 721 3871 ulli
734 3819 880 3889 'contigitfl
899 3823 941 3871 ulli
960 3825 1080 3888 contingit
1097 3823 1119 3876 Β
1138 3825 1172 3872 illi
1186 3821 1349 3892 contingitE
1433 3826 1468 3876 fe-

232 3914 331 3963 licitatis
351 3915 402 3961 eius
420 3913 470 3960 eius
489 3908 517 3963 Ε
616 3909 647 3962 13
674 3913 798 3960 circuisses
822 3908 870 3962 BD
889 3913 1041 3961 circumisses
1060 3910 1088 3965 Ε
1188 3910 1220 3962 ff)
1245 3911 1325 3975 abigit
1346 3909 1468 3984 Maduiq

234 4003 324 4051 abiecit
338 4000 365 4054 Β
382 4003 471 4050 subicit
487 3998 508 4052 Β
528 4001 611 4048 abiicit
625 3997 653 4052 Ε
741 3998 773 4051 16
793 4000 908 4049 felicitate
921 3999 1080 4064 adqrendiI)
1158 3997 1467 4068 uerbapotest—quam

233 4089 260 4143 Ε
275 4091 302 4142 in
322 4088 446 4160 marqine
465 4095 566 4141 tautum
586 4086 667 4142 haber
756 4090 847 4137 nullum
861 4105 890 4137 ex
903 4105 932 4137 ea
945 4091 1066 4139 maiorem
1078 4089 1181 4138 fructum
1197 4087 1220 4140 Β
1311 4089 1346 4142 17
1364 4093 1469 4155 sciebas

232 4187 282 4228 tarn
310 4180 442 4228 amabilem
468 4195 520 4228 esse
540 4176 581 4230 E²
605 4179 715 4227 sciebam
740 4186 791 4226 tam
816 4177 926 4247 habilem
952 4177 980 4227 e'e
1005 4195 1032 4228 se
1053 4177 1077 4230 B
1095 4179 1188 4228 sciebat
1208 4183 1258 4226 tam
1276 4179 1392 4229 habilem
1412 4198 1469 4232 esse

232 4286 258 4317 se
277 4266 331 4321 ΒΕ
419 4268 452 4320 18
472 4268 570 4317 facilem
592 4265 616 4319 B
706 4269 821 4316 sustinere
843 4264 865 4318 Β
956 4266 989 4319 19
1015 4269 1092 4317 domo
1112 4266 1138 4320 B
1233 4266 1265 4318 21
1290 4269 1422 4333 exciperes
1442 4268 1472 4322 Ε

321 4358 434 4405 sollidior
453 4353 479 4407 D
568 4353 603 4406 22
628 4357 684 4404 adte
705 4354 730 4406 Β
820 4371 899 4418 prope
917 4352 945 4407 Ε
1038 4355 1072 4409 26
1097 4356 1217 4405 nocuisset
1238 4353 1262 4408 Β
1361 4359 1467 4423 ingenio

232 4443 343 4498 chfcerl
357 4443 513 4503 dubitanter
526 4447 615 4510 ingena
631 4442 654 4495 B
667 4446 765 4509 ingenia
780 4439 833 4494 ΒΕ
920 4442 954 4496 27
973 4445 1099 4494 duraretur
1113 4443 1137 4497 D
1226 4441 1261 4496 ‘28
1279 4446 1428 4497 uendiearer
1444 4446 1468 4502 Β
