3046 5092
368 331 448 374 mxu.
460 331 489 375 x.
518 333 559 372 xo
575 332 729 374 vamuvu
745 334 785 374 us
800 333 969 373 axnvrrxnn
983 331 1081 373 vxrxa.
1112 335 1144 373 u.
1307 336 1370 395 239

236 476 309 540 XV.
340 477 464 538 Horum
488 486 521 539 te
545 480 626 540 mori
649 499 744 540 nemo
768 488 882 558 coget:
917 498 1027 540 omnes
1049 476 1218 539 docebunt.
1257 474 1371 537 horum

137 604 241 646 nemo
272 603 373 645 annos
404 595 475 646 tuos
506 593 667 647 conteret:
702 606 776 647 suos
807 585 863 646 tibi
893 585 1079 646 contribuet.
1125 581 1236 644 nullius
1259 603 1301 644 ex
1325 582 1372 644 his

138 711 251 752 sermo
275 689 469 771 periculosus
493 692 562 765 erit,
587 690 699 753 nullius
722 693 858 753 amicitia
876 690 1028 783 ‘capitalis
1052 690 1162 752 nullius
1185 698 1373 770 sumptuosa

142 798 337 861 obseruatio.
385 797 466 859 feres
498 818 539 859 ex
571 798 644 873 illis,
675 798 827 880 quidquid
858 797 955 860 uoles.
1000 818 1056 879 per
1087 796 1156 859 illos
1180 817 1243 857 non
1267 797 1371 870 stabit,

93 926 97 959 ε
144 905 315 985 quominus
338 912 491 985 quantum
517 905 685 987 plurimum
703 907 842 986 cupieris,
866 905 998 967 haurias
1033 923 1116 985 quae
1131 902 1217 964 illum
1234 902 1398 977 felicitans

145 1031 242 1092 quam
273 1010 403 1092 pulchra
433 1021 578 1074 senectus
608 1021 732 1086 manet,
763 1013 816 1092 qui
846 1032 880 1073 se
903 1015 934 1074 in
957 1010 1071 1073 horum
1096 1009 1272 1093 clientelam
1296 1031 1370 1071 con-

145 1117 235 1180 tulit?
275 1117 413 1192 habebit,
438 1139 510 1180 cum
535 1118 648 1199 quibus
664 1120 705 1180 de
722 1119 857 1181 minimis
873 1118 1084 1199 maximisque
1100 1117 1195 1178 rebus
1212 1116 1373 1190 deliberet,

145 1244 226 1305 quos
249 1224 291 1285 de
314 1245 349 1286 se
372 1227 488 1288 cotidie
509 1225 660 1300 consulat',
684 1226 831 1307 aquibus
846 1226 953 1287 audiat
969 1245 1077 1286 uerum
1093 1225 1159 1286 sine
1175 1222 1373 1297 contumelia,

145 1332 291 1394 laudetur
330 1335 395 1394 sine
427 1331 624 1406 adulatione,
663 1334 705 1394 ad
736 1353 871 1414 quorum
902 1353 937 1394 se
968 1331 1202 1395 similitudinem
1235 1329 1372 1410 effingat.

105 1438 287 1501 3solemus
320 1439 425 1500 dicere
455 1460 519 1500 non
551 1438 643 1500 fuisse
673 1440 704 1500 in
735 1450 842 1501 nostra
872 1447 1048 1520 potestate,
1080 1458 1160 1520 quos
1191 1416 1373 1499 sortiremur
1389 1453 1413 1492 n

146 1554 309 1627 parenteS,
341 1544 422 1606 forte
453 1546 546 1607 nobis
578 1547 689 1607 datos:
732 1546 824 1607 nobis
854 1566 930 1607 uero
962 1546 1003 1607 ad
1034 1553 1178 1607 nostrum
1211 1544 1373 1606 arbitrium

146 1653 232 1714 nasci
247 1651 343 1713 licet.
405 1651 672 1714 nobilissimorum
703 1653 901 1733 ingeniorum
933 1651 1068 1714 familiae
1099 1634 1188 1713 sunt:
1231 1650 1312 1731 elige
1342 1653 1374 1711 in

147 1779 242 1839 quam
275 1759 406 1819 adscisci
439 1759 524 1819 uelis.
570 1779 635 1819 non
665 1761 696 1820 in
720 1779 838 1821 nomen
861 1767 985 1820 tantum
1008 1757 1230 1838 adoptaberiS,
1259 1758 1319 1822 sed
1343 1760 1373 1818 in

146 1865 213 1946 ipsa
253 1864 355 1938 bona,
396 1884 477 1944 quae
507 1885 572 1926 non
604 1874 695 1927 erunt
726 1865 853 1927 sordide
884 1885 942 1926 nec
959 1854 1112 1944 'maligne
1143 1865 1370 1926 custodienda:

118 1981 128 2034 4
147 1975 270 2034 maiora
293 1969 378 2045 fient,
403 1992 467 2052 quo
490 1971 541 2033 illa
563 1971 703 2053 pluribus
727 1973 873 2034 diuiseris
919 1971 950 2033 hi
973 1971 1030 2034 tibi
1047 1971 1168 2033 dabunt
1183 1971 1224 2032 ad
1241 1970 1371 2033 aeterni·
1390 1987 1414 2027 u

146 2087 246 2140 tatem
271 2079 329 2140 iter
352 2087 385 2140 et
406 2088 440 2140 te
455 2081 486 2140 in
502 2055 587 2140 illurn
603 2078 718 2154 locum,
742 2100 783 2141 ex
800 2100 864 2161 quo
880 2099 975 2140 nemo
991 2079 1130 2153 deicitur,
1154 2077 1374 2140 subleuabunt.

146 2185 225 2247 haec
256 2205 320 2246 una
350 2185 429 2246 ratio
459 2194 507 2246 est
530 2186 754 2247 extendendae
779 2185 993 2260 mortalitatis,
1024 2188 1124 2247 immo
1147 2185 1180 2246 in
1203 2183 1372 2246 inmortali-

147 2302 246 2355 tatem
286 2293 466 2353 uertendae.
527 2291 683 2366 honoreS,
723 2288 933 2368 monimenta,
972 2294 1125 2374 quidquid
1156 2275 1210 2353 aut
1241 2292 1375 2353 decretis

147 2400 281 2462 ambitio
312 2400 399 2460 iussit
429 2409 483 2462 aut
514 2379 663 2481 operibus
694 2403 869 2474 exstruxit,
900 2400 963 2462 cito
995 2400 1161 2462 subruitur.
1185 2398 1281 2479 ⁸nihil
1311 2417 1374 2459 non

146 2508 244 2586 longa
277 2508 447 2568 demolitur
477 2516 616 2569 uetustas
648 2516 680 2569 et
703 2516 830 2569 mouet:
865 2516 898 2569 at
921 2508 971 2581 iis,
1003 2527 1084 2588 quae
1108 2507 1303 2568 consecrauit
1326 2525 1373 2567 sa·
1388 2519 1415 2561 ao

147 2615 280 2695 pientia,
310 2615 415 2675 noceri
439 2632 502 2675 non
525 2622 641 2695 potest.
688 2613 770 2674 nulla
794 2613 935 2675 abolebit
958 2623 1061 2686 aetaS,
1085 2612 1168 2674 nulla
1192 2613 1371 2674 deminuet:

148 2741 284 2802 sequens
308 2741 345 2781 ac
367 2700 624 2802 deinde'semper
640 2719 768 2781 ulterior
784 2719 898 2801 aliquid
915 2722 956 2781 ad
973 2723 1209 2782 uenerationem
1226 2717 1375 2793 conferet,
1436 2767 1453 2794 ,

147 2828 299 2909 quoniam
324 2828 452 2907 quidem
477 2827 507 2887 in
531 2827 632 2889 uicino
656 2836 797 2888 uersatur
819 2827 941 2901 inuidia,
964 2826 1132 2908 simplicius
1155 2826 1251 2906 longe
1272 2827 1376 2906 posita

116 2938 309 2996 amiramur.
355 2935 503 3016 sapientis
527 2954 604 3013 ergo
628 2932 762 2996 multum
787 2942 874 3014 patet
898 2935 969 2996 uita.
1016 2954 1080 2995 non
1103 2936 1187 2995 idem
1212 2932 1298 2997 illum
1322 2932 1375 3013 qui

150 3050 274 3104 ceteros
305 3043 456 3102 terminus
488 3040 593 3102 cludit.
654 3039 739 3102 solus
770 3042 893 3121 generis
923 3040 1051 3102 humani
1081 3040 1203 3120 legibus
1235 3039 1375 3100 soluitur.
1389 3055 1415 3095 n

150 3149 258 3211 omnia
289 3136 330 3209 illi
360 3147 484 3209 saecula
509 3157 541 3209 ut
565 3148 627 3208 deo
651 3148 795 3209 seruiunt.
842 3149 962 3209 transiit
985 3155 1110 3229 tempus
1134 3145 1278 3226 aliquod:
1313 3144 1375 3206 hoc

150 3256 371 3318 recordatione
400 3255 595 3337 conprendit.
641 3255 754 3316 instat:
789 3253 850 3316 hoc
873 3257 976 3317 utitur.
1023 3263 1189 3316 uenturum
1213 3261 1279 3314 est:
1314 3252 1376 3314 hoc
1418 3296 1425 3309 .

150 3362 308 3444 praecipit.
370 3361 499 3440 longam
531 3360 572 3422 illi
603 3362 698 3423 uitam
730 3360 802 3423 facit
833 3363 973 3422 omnium
1005 3370 1185 3442 temporum
1217 3362 1246 3420 in
1278 3380 1399 3437 unum,

151 3468 297 3530 conlatio

151 3664 363 3673 ——.-—--——‹

152 3789 167 3840 2
191 3794 322 3839 conteret.
345 3786 503 3836 ‚contribuet
525 3783 579 3837 Εἲς
601 3786 704 3834 conterit
725 3825 730 3836 .
750 3825 756 3837 .
774 3787 906 3835 contribuit
1032 3785 1048 3837 3
1073 3791 1215 3851 sumptuosa
1234 3782 1303 3846 cod„
1322 3799 1376 3835 non

151 3879 296 3943 suspitiosa;
316 3891 403 3945 neque
422 3879 463 3928 est
475 3890 525 3928 cur
537 3890 597 3927 cnm
613 3872 722 3927 Gertzio
735 3888 871 3944 crepemus,
891 3873 1056 3944 aliquantum
1067 3874 1201 3945 pecinnae
1213 3872 1251 3926 ad
1263 3888 1376 3925 rnnnern

151 3966 275 4036 patronis
294 3962 386 4018 ohlau
405 3963 546 4017 clientibus
561 3962 650 4031 fuisse
668 3961 869 4033 inpendentium
960 3963 975 4014 5
995 3971 1111 4028 quantum
1130 3964 1258 4028 plurimum
1272 3963 1379 4026 cupieris,
1461 3948 1463 3953 ’

116 4119 118 4123 Ι
153 4052 294 4109 Muretus:
315 4054 445 4118 plurimum
459 4059 574 4117 quantum
589 4054 683 4118 ceperis
773 4053 789 4105 8
809 4054 905 4117 aquib;
921 4055 946 4115 (a
959 4052 987 4105 in
1000 4054 1066 4119 ras.)
1160 4052 1191 4104 12
1209 4051 1375 4100 nobilissimo-

168 4145 278 4208 igenioat
998 4187 1019 4214 m
1342 4156 1345 4162 ·

153 4232 204 4265 rum
225 4215 318 4277 familie
439 4211 472 4265 16
497 4215 547 4264 iter.
555 4227 574 4270 -7
595 4213 638 4278 (er.
655 4227 667 4273 7
687 4213 715 4265 in
734 4215 802 4279 ras.)
929 4213 963 4265 17
987 4215 1038 4263 imo
1057 4212 1242 4263 immortalitate
1261 4212 1377 4260 uertende

241 4303 273 4356 21
295 4305 379 4352 noceri
391 4301 454 4354 olim
468 4317 558 4356 corn:
580 4320 669 4352 nocere
758 4303 792 4356 22
811 4303 920 4353 conseret
934 4298 1028 4354 Curio:
1044 4303 1138 4351 confert
1200 4298 1262 4350 25
1280 4301 1376 4363 legibus
1432 4368 1435 4374 ¹

156 4443 252 4516 unlqo:
273 4447 363 4496 lesibus
453 4445 487 4499 26
507 4448 616 4495 transiuit
636 4445 715 4499 den:
736 4391 820 4495 transii
