3046 5092
247 340 308 401 156
480 334 559 378 mnu.
574 333 621 376 vu.
650 334 692 375 AD
708 333 884 374 GALLIONEM
898 334 939 374 DE
953 334 1023 374 VITA
1039 334 1146 377 ΒΕΑΤΑ.
1177 338 1195 377 l.
1209 336 1231 377 l.

243 490 330 554 sunt,
361 501 420 541 nec
450 481 491 541 ad
523 480 677 541 rationem
708 481 765 541 sed
797 481 838 541 ad
868 480 1100 541 similitudinem
1126 482 1265 542 uiuimus.
1312 480 1387 541 inde
1411 479 1471 541 ista

243 597 331 650 tanta
361 590 558 648 coaceruatio
590 586 720 647 aliorum
752 606 845 666 super
876 586 952 648 alios
984 588 1146 649 ruentium.
1193 588 1281 667 quod
1308 587 1339 647 in
1362 594 1504 666 strager

242 696 404 756 hominum
437 713 553 774 magna
584 696 704 767 euenit,
736 713 808 754 cum
839 693 905 774 ipse
928 714 962 754 se
986 693 1121 775 populus
1145 694 1274 775 premit,
1306 712 1405 753 nemo
1430 694 1473 755 ita

242 802 335 876 cadit,
359 810 392 861 ut
416 821 480 861 non
504 809 535 861 et
559 800 653 888 alium
676 801 707 861 in
730 820 764 860 se
788 799 943 874 adtrahat,
967 800 1120 881 primique
1144 800 1241 861 exitio
1264 799 1472 880 sequentibus

216 916 330 981 esunt,
361 908 422 968 hoc
453 907 483 967 in
507 907 593 967 omni
624 885 853 969 uitaaccldere
877 908 984 968 uideas
1008 907 1094 968 licet:
1130 927 1224 967 nemo
1248 905 1306 967 sibl
1330 913 1471 967 tantum-

243 1016 342 1075 modo
366 1022 457 1087 errat,
480 1015 537 1075 sed
562 1012 651 1074 alieni
675 1013 786 1074 erroris
810 1022 842 1074 et
866 1034 960 1075 causa
983 1023 1015 1075 et
1038 1021 1228 1079 auctorest.
1267 1021 1363 1074 nocet
1388 1011 1472 1074 enim

242 1121 391 1201 adplicari
414 1119 671 1182 antecedentibus
695 1127 727 1180 et
751 1121 827 1182 dum
851 1121 1061 1207 unusquisque
1084 1119 1205 1182 mauult
1228 1121 1358 1182 credere
1374 1139 1472 1200 quam

165 1260 166 1263 ¹
241 1228 393 1302 iudicare,
426 1247 596 1308 numquam
629 1228 669 1287 de
700 1227 763 1288 uita
792 1228 968 1301 iudicatur,
987 1248 1113 1309 semper
1143 1227 1279 1288 creditur
1302 1236 1473 1308 uersatque

242 1354 300 1395 nos
340 1343 371 1395 et
409 1335 593 1415 praecipitat
631 1335 764 1395 traditus
803 1353 860 1414 per
898 1354 1008 1395 manus
1048 1354 1141 1395 error.
1188 1331 1295 1395 alienis
1331 1337 1473 1415 perimus

204 1454 228 1494 1⁰
243 1440 412 1522 exemplis:
447 1439 642 1514 sanabimur,
673 1460 855 1521 separemur
886 1442 985 1502 modo
1009 1461 1028 1502 a
1052 1449 1154 1501 coetu.
1200 1460 1282 1504 nunc
1306 1460 1385 1502 uero
1409 1449 1505 1504 stato

242 1556 351 1609 contra
375 1549 527 1608 rationem
553 1545 700 1608 defensor
723 1545 795 1608 mali
818 1547 864 1608 sui
887 1546 1029 1628 populus
1069 1548 1172 1627 itaque
1196 1547 1228 1608 id
1251 1547 1357 1608 euenit
1381 1548 1472 1627 quod

243 1655 273 1715 in
298 1654 440 1727 comitiis,
465 1654 495 1714 in
518 1652 630 1734 quibus
654 1653 798 1714 consules
822 1652 921 1714 factos
947 1663 979 1714 et
1001 1663 1160 1735 praetores
1183 1653 1279 1715 iidem
1299 1652 1352 1735 qui
1369 1653 1473 1714 fecere

241 1761 408 1834 mirantur,
448 1780 517 1821 cum
557 1780 591 1821 se
631 1759 756 1821 mobilis
786 1758 875 1820 fauor
906 1760 1095 1840 circumegit.
1142 1761 1256 1822 eadem
1287 1759 1472 1839 probamus

241 1869 353 1929 eadem
378 1865 651 1948 reprehendimus:
678 1866 729 1926 hic
753 1867 855 1927 exitus
880 1876 927 1928 est
951 1867 1054 1927 omnis
1077 1866 1194 1941 iudicii,
1218 1866 1335 1952 inquo
1359 1886 1470 1928 secun-

203 1987 226 2028 15
242 1974 318 2034 dum
342 1974 446 2056 plures
470 1975 571 2035 datur.

329 2080 365 2140 Il.
413 2079 492 2142 Cum
524 2082 564 2141 de
593 2080 687 2142 beata
710 2062 773 2142 uita
796 2080 913 2160 agitur,
938 2101 1001 2141 non
1026 2090 1074 2142 est
1097 2082 1184 2162 quod
1209 2080 1283 2141 mihi
1307 2079 1384 2143 illud
1409 2082 1467 2143 dis·
1491 2093 1500 2144 l

240 2186 416 2248 cessionum
448 2207 537 2247 more
561 2188 768 2268 respondeas:
803 2186 882 2248 haec
904 2207 977 2268 pars
1001 2187 1101 2248 maior
1123 2207 1192 2249 esse
1216 2187 1348 2249 uidetur.
1396 2188 1469 2249 ideo

240 2295 322 2355 enim
354 2293 442 2374 peior
473 2302 529 2354 est.
575 2313 639 2354 non
669 2303 734 2355 tam
766 2293 848 2355 bene
879 2313 950 2354 cum
983 2293 1077 2355 rebus
1107 2293 1252 2356 humanis
1270 2283 1404 2374 agitur,
1436 2302 1470 2355 ut

241 2399 371 2462 meliora
393 2398 532 2482 pluribus
556 2400 716 2480 placeant:
743 2409 965 2481 argumentum
988 2400 1115 2481 pessimi
1138 2400 1232 2463 turba
1248 2410 1305 2462 est.
1336 2409 1501 2483 quaem-2

199 2520 225 2560 20
240 2528 309 2568 mus
333 2528 419 2587 erg0,
443 2508 518 2588 quid
542 2507 698 2587 optimum
719 2506 804 2569 lactu
828 2508 876 2580 sit,
900 2528 964 2569 non
980 2508 1056 2588 quid
1072 2506 1318 2581 usitatissimum,
1343 2516 1377 2569 et
1392 2507 1468 2590 quid

240 2635 298 2675 nos
329 2614 358 2674 in
390 2616 588 2696 possessione
611 2612 763 2675 felicitatis
786 2621 933 2676 aeternae
957 2615 1142 2688 constituat,
1174 2634 1238 2675 non
1261 2614 1337 2695 quid
1361 2613 1469 2696 uolgo,

240 2721 377 2783 ueritatis
415 2721 553 2801 pessimo
590 2721 766 2801 interpreti,
805 2708 975 2802 probatum
1006 2721 1055 2782 sit.
1101 2720 1236 2801 uolgum
1263 2730 1371 2783 autem
1403 2732 1469 2783 tam

240 2826 462 2907 chlamydatos
493 2847 588 2910 quam
620 2835 790 2889 coronatos
821 2847 911 2889 uoco.
957 2847 1021 2888 non
1053 2828 1136 2889 enim
1160 2827 1300 2890 colorem
1324 2828 1470 2903 uestium,

240 2934 353 3016 quibus
382 2943 551 3015 praetexta
580 2943 653 2995 sunt
683 2954 834 3015 corpora,
865 2933 1013 3015 adspicio
1060 2933 1156 2996 oculis
1188 2934 1229 2996 de
1252 2932 1383 2996 homine
1407 2955 1472 2996 non

200 3055 226 3095 ²5
240 3044 346 3104 credo.
377 3040 482 3103 habeo
506 3039 615 3103 melius
639 3051 671 3103 et
695 3042 808 3103 certius
831 3039 945 3116 lumen,
968 3061 1032 3123 quo
1049 3062 1068 3103 a
1083 3039 1167 3103 falsis
1190 3061 1264 3103 uera
1280 3041 1468 3104 diiudicem:

240 3149 335 3210 animi
364 3149 485 3210 bonum
517 3148 637 3209 animus
668 3148 811 3210 inueniat.
858 3146 924 3223 hic,
954 3148 980 3209 si
1012 3168 1164 3229 umquam
1195 3135 1348 3230 respirare
1371 3147 1414 3210 illi
1437 3159 1468 3210 et

241 3256 388 3316 recedere
419 3255 449 3316 in
480 3275 514 3317 se
546 3256 719 3330 uacauerit,
751 3275 771 3316 o
803 3275 898 3334 quam
929 3254 988 3318 sibi
1018 3255 1086 3337 ipse
1117 3275 1227 3317 uerum
1257 3263 1362 3317 tortus
1395 3275 1471 3318 ase

246 3521 256 3571 l
278 3521 321 3569 sed
340 3521 372 3568 ad
393 3519 569 3583 (adieras.)
661 3520 676 3571 2
696 3521 847 3570 concertatio
868 3522 894 3587 (n
912 3525 938 3572 et
957 3527 966 3569 t
984 3520 1068 3584 corr.)
1148 3518 1161 3568 l
1184 3520 1292 3569 attrahat
1312 3519 1426 3588 (prim
1445 3519 1472 3572 iu

243 3625 309 3694 raa)
404 3627 419 3677 i)
439 3628 523 3676 uideas
543 3626 581 3690 (as
599 3625 626 3678 in
645 3626 713 3693 ras.)
804 3627 960 3692 lapplicari
980 3626 1069 3696 (prior
1087 3644 1104 3690 p
1123 3625 1149 3677 in
1169 3625 1236 3692 raa.)
1344 3609 1400 3678 8d
1422 3629 1473 3678 uita

243 3717 271 3801 (d
290 3731 318 3785 in
337 3735 404 3798 ras.)
523 3716 654 3799 uersatq;*
763 3733 778 3786 9
804 3735 889 3784 alienis
916 3731 1014 3788 Gertz:
1042 3735 1152 3798 alienisq.
1174 3731 1215 3800 ((3,ι
1217 3737 1318 3802 postea
1336 3730 1475 3799 additum).

347 3822 381 3876 10
406 3839 547 3888 separemur
565 3823 643 3872 modo
665 3819 761 3876 Gertz:
784 3824 803 3872 si
822 3839 963 3887 separemur
981 3823 1058 3872 modo
1149 3831 1217 3871 acetu
1308 3819 1342 3872 12
1362 3823 1472 3872 consules

244 3913 322 3962 factos
348 3919 371 3960 et
396 3917 520 3977 praetores
539 3909 616 3964 Koch
642 3910 690 3979 (cf.
710 3928 752 3981 ep.
775 3914 868 3974 roho
894 3913 958 3975 maie
977 3919 1000 3961 te
1018 3912 1121 3960 habebit
1140 3912 1181 3960 ille
1200 3910 1285 3960 consul
1304 3910 1410 3977 factus):
1432 3927 1473 3961 eos

244 4002 323 4051 factos
342 4017 394 4050 esse
412 4009 537 4065 praetores
556 3998 626 4063 eod,
646 3999 672 4052 in
692 4015 747 4068 qua
765 3999 904 4069 scriptura
923 4017 966 4050 eos
980 4014 1100 4069 prorsus
1117 3995 1288 4052 intolerabile
1307 4004 1348 4052 est

243 4091 322 4139 secere
343 4091 379 4156 (re
398 4089 425 4142 iu
445 4089 513 4153 ras.)
571 4083 573 4087 Α
606 4089 637 4140 ‘ll
658 4090 744 4138 eadem
764 4090 821 4138 dein
840 4088 941 4142 iniuria
963 4087 1052 4150 Gertz,
1072 4086 1109 4155 cf.
1124 4089 1157 4140 28
1176 4089 1296 4152 fugientes
1314 4092 1472 4153 petentesque

243 4179 330 4228 eadem
452 4181 652 4244 reprehendimus
774 4177 805 4230 16
826 4180 906 4241 agitur
924 4175 982 4229 Εἰς
1005 4185 1089 4242 agetur
1216 4175 1249 4229 17
1267 4177 1363 4226 maio·

243 4267 274 4318 ‘21
302 4275 384 4317 eterne
473 4269 547 4331 uulgo
638 4266 672 4319 22
697 4274 748 4315 tarn
769 4267 915 4315 clamidatos
936 4265 972 4332 (in
993 4266 1060 4331 ras.)
1080 4282 1153 4330 quam
1173 4272 1306 4316 coronatos
1325 4263 1389 4319 eod.
1406 4263 1472 4319 daeo

242 4354 342 4409 uitiosa
361 4369 420 4407 esse
435 4352 522 4422 facile
540 4360 673 4428 zepperem
695 4361 746 4404 tam
766 4356 913 4404 candidatos
931 4372 1005 4420 quarn
1025 4355 1150 4403 coloratos
1170 4352 1289 4423 Leptines,
1307 4358 1336 4407 et
1353 4351 1470 4409 odorent

243 4442 358 4498 uestium
377 4442 557 4512 siffm'fieatum
569 4435 635 4496 'esse
653 4443 794 4512 sequentia
813 4441 926 4500 docerem
948 4442 1060 4497 meliora
1072 4457 1128 4496 non
1141 4441 1250 4496 inuenio
1321 4440 1357 4497 24
1375 4441 1470 4511 micio
