3046 5092
250 341 313 400 170
471 335 608 379 orunvu.
637 327 680 376 Ab
695 335 872 378 cautionum
887 336 927 378 na
941 336 1013 379 v1TA
1027 337 1134 382 sunan.
1164 340 1196 382 rs.
1212 341 1244 382 rt.

248 482 437 546 desiderium
472 483 620 545 omnium.
649 482 776 564 posito?
815 483 890 563 quid
926 484 1120 546 extrinsecus
1151 505 1231 565 opus
1263 495 1311 548 est
1343 488 1387 562 ei,
1425 489 1476 570 qui

247 589 355 652 omnia
377 610 434 651 sua
456 591 487 651 in
510 610 545 652 se
567 588 715 670 collegit?
746 590 803 651 sed
827 590 870 664 ei,
893 589 945 670 qui
968 591 1010 651 ad
1033 591 1180 653 uirtutem
1204 593 1322 668 tendit,
1354 595 1477 657 etiamsi

246 695 380 760 multum
404 699 565 778 processit,
590 718 670 778 opus
694 705 743 759 est
765 696 868 777 aliqua
891 696 1036 759 fortunae
1059 698 1253 781 indulgentia
1276 700 1381 762 adhuc
1396 701 1478 764 inter

247 803 386 866 humana
414 804 561 878 luctanti,
600 805 676 866 dum
708 804 828 864 nodum
859 803 944 865 illum
976 804 1096 866 exoluit
1127 815 1159 868 et
1190 827 1286 868 omne
1316 807 1476 870 uinculum

206 928 218 966 ⁵
247 910 389 973 mortale.
435 911 511 992 quid
535 931 612 992 ergo
635 912 784 973 interest?
814 912 901 990 quod
924 909 973 971 alii
996 911 1126 993 adligati
1149 922 1229 989 sunt,
1253 912 1303 975 alii
1327 913 1477 991 adstricti,

246 1018 295 1080 alii
326 1018 465 1080 destricti
496 1039 639 1099 quoque:
673 1017 739 1092 hic,
770 1018 823 1099 qui
854 1018 896 1079 ad
919 1019 1080 1098 superiora
1102 1040 1288 1101 progressus
1313 1029 1362 1083 est
1386 1029 1478 1084 etse

246 1123 336 1187 altius
360 1124 481 1200 extulit,
505 1123 611 1188 laxam
636 1133 780 1187 catenam
804 1124 899 1187 trahit
922 1117 1065 1188 nohdum
1088 1125 1175 1202 liber,
1199 1127 1261 1189 iam
1285 1136 1395 1190 tamen
1418 1150 1477 1211 pro

245 1230 354 1295 libero.

335 1338 437 1401 XVII.
483 1336 517 1401 Si
547 1339 615 1419 quis
646 1339 752 1419 itaque
775 1359 818 1399 ex
841 1338 922 1413 istis,
953 1339 1006 1420 qui
1029 1338 1262 1421 philosophiam
1287 1339 1508 1418 conlatrant,1

103 1521 110 1531 ,
208 1469 231 1530 iu
245 1448 332 1528 quod
362 1444 483 1520 solent,
514 1445 645 1507 dixerit:
677 1466 773 1526 quare
804 1466 881 1526 ergo
905 1454 939 1508 tu
963 1444 1072 1509 lortius
1097 1447 1232 1528 loqueris
1256 1468 1352 1529 quam
1378 1451 1477 1512 uiuis?

245 1574 341 1634 quare
372 1561 404 1614 et
435 1551 586 1634 superiori
617 1552 714 1614 uerba
744 1553 913 1615 summittis
937 1562 970 1615 et
993 1554 1159 1634 pecuniam
1183 1556 1396 1618 necessarium
1420 1557 1478 1619 tibi

244 1664 486 1723 instrumentum
510 1660 673 1722 existimas
696 1668 728 1721 et
751 1658 870 1721 damno
894 1660 1031 1722 moueris
1055 1668 1088 1722 et
1110 1659 1253 1723 lacrimas
1273 1663 1384 1726 audita
1400 1684 1476 1726 eon-

244 1768 322 1848 iugis
361 1775 419 1828 aut·
453 1767 544 1828 amici
582 1775 687 1829 morte
725 1766 865 1828 demittis
897 1775 929 1828 et
959 1768 1086 1848 respicis
1116 1766 1234 1831 famam
1266 1777 1298 1831 et
1329 1769 1478 1853 malignis

244 1874 442 1936 sermonibus
466 1873 745 1955 tangeris?·quare
768 1873 878 1937 cultius
902 1894 953 1935 rus
977 1874 1033 1937 tibi
1057 1885 1105 1938 est
1126 1896 1222 1956 quam
1239 1876 1388 1940 naturalis
1404 1895 1513 1948 usus}

207 2002 230 2043 u
245 1981 424 2043 desiderat?
453 2002 508 2043 cur
530 2000 594 2042 non
618 1982 660 2042 ad
682 1982 910 2062 praescriptum
933 1991 1023 2045 tuum
1047 1986 1160 2044 cenas?
1192 2004 1246 2045 cur
1269 1983 1326 2045 tibi
1348 1985 1479 2048 nitidior

244 2087 387 2169 supellex
419 2091 487 2150 est?
536 2108 590 2149 cur
620 2086 704 2168 apud
735 2097 768 2150 te
800 2088 906 2150 uinum
938 2097 1042 2151 aetate
1073 2098 1128 2151 tua
1158 2089 1309 2152 uetustius
1337 2090 1476 2154 bibitur?

245 2215 299 2255 cur
332 2216 442 2257 aruum
467 2195 663 2275 disponitur?
695 2215 750 2256 cur
773 2194 902 2256 arbores
925 2194 1000 2257 nihil
1023 2205 1149 2276 praeter
1173 2196 1318 2259 umbram
1343 2199 1477 2261 daturae

245 2305 472 2365 conseruntur?
511 2322 608 2383 quare
645 2322 728 2364 uxor
760 2311 815 2364 tua
845 2300 1011 2383 locupletis
1042 2305 1157 2365 domus
1189 2323 1318 2365 censum
1349 2305 1477 2368 auribus

245 2410 345 2490 gerit?
378 2429 474 2489 quare
506 2408 743 2489 paedagogium
774 2408 913 2488 pretiosa
943 2417 1032 2471 ueste
1062 2410 1272 2490 succingitur?
1304 2430 1403 2491 quare
1427 2434 1476 2475 ars

205 2524 294 2578 ro-est
317 2516 403 2597 apud
427 2523 460 2578 te
484 2515 658 2578 ministrare
682 2535 741 2577 nec
763 2525 884 2578 temere
908 2525 940 2578 et
956 2524 990 2578 ut
1004 2515 1082 2579 libet
1098 2515 1282 2579 conlocatur
1297 2528 1476 2599 argentum,

244 2624 303 2686 sed
325 2623 425 2705 perite
448 2623 576 2685 struitur
599 2631 632 2685 et
655 2632 703 2684 est
726 2621 834 2704 aliquis
857 2623 1019 2685 scindendi
1039 2623 1164 2687 obsonii
1180 2624 1351 2705 magister?
1377 2627 1475 2701 adice,

243 2730 269 2793 si
299 2731 362 2805 uis,
394 2750 449 2792 cur
479 2738 565 2792 trans
590 2749 677 2791 mare
700 2730 865 2810 possides?
897 2750 952 2791 cur
974 2727 1065 2810 plura
1087 2751 1183 2812 quam
1206 2731 1310 2793 nosti?
1341 2733 1475 2814 turpiter

244 2846 298 2899 aut
328 2845 395 2898 tam
426 2835 600 2918 neglegens
624 2857 673 2912 es,
705 2846 827 2899 utnon
851 2836 976 2898 noueris
998 2836 1149 2918 pauculos
1172 2858 1296 2915 serum,
1327 2850 1385 2903 aut
1407 2850 1478 2904 tam

243 2943 437 3019 luxuriosus,
468 2952 502 3006 ut
531 2943 635 3024 plures
658 2942 777 3005 habeas
801 2963 897 3025 quam
921 2963 1056 3024 quorum
1080 2944 1211 3006 notitiae
1233 2947 1391 3009 memoria
1413 2947 1472 3010 suf-

203 3069 230 3110 rs
243 3051 335 3115 ficiat
381 3051 539 3114 adiuuabo
569 3050 745 3132 postmodo
777 3051 934 3125 conuicia,
965 3059 997 3113 et
1027 3050 1117 3132 plura
1147 3051 1222 3113 mihi
1252 3072 1350 3133 quam
1382 3062 1500 3135 putass

244 3159 396 3233 obiciam,
426 3178 509 3220 nunc
531 3157 595 3221 hoc
617 3160 797 3239 respondeo
821 3157 892 3221 tibi:
918 3179 983 3220 non
1006 3178 1077 3220 sum
1100 3158 1224 3239 sapiens
1248 3167 1296 3234 et,
1328 3168 1364 3222 ut
1388 3159 1472 3223 mali·

243 3265 415 3328 nolentiam
445 3275 533 3328 tuam
565 3285 711 3346 pascam,
743 3286 801 3328 nec
830 3286 893 3327 eru.
940 3266 1034 3347 exige
1065 3266 1170 3347 itaque
1200 3287 1220 3328 a
1250 3285 1319 3342 me,
1350 3287 1416 3330 non
1438 3277 1473 3331 ut

243 3372 372 3452 optimis
395 3392 452 3452 par
474 3374 548 3447 sim,
571 3373 628 3434 sed
652 3381 687 3435 ut
710 3371 800 3434 malis
824 3371 951 3435 melior:
986 3371 1049 3434 hoc
1071 3370 1146 3434 mihi
1169 3373 1244 3434 satis
1267 3383 1332 3449 est,
1357 3373 1473 3438 cotidie

244 3458 360 3559 aliquid
390 3498 433 3540 ex
464 3478 544 3540 uitiis
575 3479 653 3540 meis
686 3480 815 3541 demere
845 3487 878 3541 et
908 3499 1030 3541 errores
1062 3499 1153 3541 meos
1183 3478 1362 3560 obiurgare.
1408 3490 1503 3544 noni

245 3672 260 3724 5
286 3673 353 3737 quod
372 3673 415 3721 alii
435 3672 530 3736 alligati
550 3669 715 3725 deteriores:
742 3673 810 3737 quod
829 3689 884 3722 ame
903 3672 998 3736 alligati
1094 3673 1136 3721 alii
1155 3673 1267 3722 adstricti
1286 3673 1328 3722 alii
1348 3671 1473 3753 (alterni

243 3760 271 3813 in
290 3758 404 3813 uocibus
417 3761 460 3809 alii
473 3777 491 3812 n
504 3776 576 3814 corr.
591 3758 697 3827 additu)
784 3760 921 3826 ssquoq;*
1011 3761 1045 3815 10
1063 3762 1125 3811 uiuis
1139 3759 1302 3815 deteriores:
1323 3764 1392 3813 uiues

246 3850 277 3903 13
297 3851 407 3899 demittis
431 3848 506 3918 quod
530 3852 704 3902 mutauerant
721 3847 849 3903 Muretus
872 3854 899 3904 et
917 3846 1027 3920 Lipsius
1046 3847 1205 3918 defenditur
1223 3849 1283 3905 loco
1306 3849 1388 3922 Verq.
1407 3854 1472 3905 Aen.

243 3943 267 4006 6,
288 3942 339 3990 455
364 3940 462 3989 demisit
487 3940 601 3988 lacrimas
735 3938 767 3991 16
792 3939 894 4004 supplex
916 3940 1024 4005 supellex
1050 3940 1161 4005 (supplex
1187 3936 1287 3994 lineola
1312 3942 1474 3994 tranmersa

243 4043 369 4111 deletum)
475 4053 532 4110 aput
634 4045 667 4097 17
694 4020 743 4097 {uu
763 4044 823 4101 cod.
844 4047 931 4096 atrium
950 4042 1065 4114 Madutq
1174 4044 1208 4098 18
1236 4053 1394 4097 conseruntur
1412 4044 1470 4099 15¹:

244 4143 417 4184 conseruantur
534 4134 566 4186 19
591 4135 759 4199 pedagogium
857 4134 891 4188 20
916 4141 975 4199 aput
993 4135 1021 4200 (d
1040 4149 1113 4187 corr.
1133 4149 1171 4187 eae
1191 4134 1209 4199 t)
1317 4136 1351 4188 21
1377 4136 1473 4186 struiuu

243 4223 370 4293 Lipsius:
398 4223 482 4273 seruit*
584 4223 618 4276 94
644 4224 765 4273 memoria
790 4223 881 4276 nescio
905 4223 981 4293 quis:
1008 4225 1127 4286 memorie
1229 4223 1263 4276 27
1288 4240 1339 4273 non
1358 4232 1384 4273 ut
1402 4221 1472 4286 cod„

243 4312 305 4366 item
325 4309 491 4366 Pincianus:
513 4318 538 4362 ut
557 4329 606 4362 non
624 4309 739 4365 Fickert
756 4318 781 4366 et
800 4308 894 4365 Haase
913 4317 1050 4381 tamquam
1069 4326 1107 4365 ex
1126 4310 1219 4367 codice
1309 4314 1344 4366 28
1362 4329 1408 4378 par
1425 4313 1472 4363 sim

245 4457 283 4517 (ar
301 4453 329 4507 in
347 4454 415 4521 ras.)
506 4453 540 4507 29
560 4455 652 4520 aliquid
672 4454 699 4521 (d
718 4468 756 4507 ecc
774 4460 783 4504 t
803 4457 886 4521 corr.)
978 4413 1033 4505 uitis
