3046 5092
338 343 419 388 DIAL.
428 343 477 386 Vll.
504 343 546 382 AD
562 342 739 383 GALLlONEM
755 344 794 384 DE
808 345 877 386 VITA
895 346 999 390 ΒΕΑΤΑ.
1027 349 1047 388 l.
1063 351 1083 390 5.
1206 361 1211 371 ¹
1260 355 1321 415 159

46 490 164 552 tsine
193 498 286 552 auctu
310 509 347 550 ac
370 491 561 551 detrimento
585 491 700 552 summi
722 489 798 551 boni
822 492 950 553 ueniens
973 512 1010 554 ac
1033 495 1191 555 recedens
1239 495 1322 556 hunc

72 597 140 658 ita
161 596 325 659 fundatum
349 616 478 658 necesse
502 597 656 671 est,·uelit
679 598 765 672 nolit,
789 607 937 679 sequatur
959 597 1096 662 hilaritas
1120 601 1267 662 continua
1290 612 1322 663 et

60 701 212 766 laetitia
235 703 299 765 alta
321 712 415 784 atque
438 724 480 764 ex
503 703 569 765 alto
593 705 728 781 ueniens,
753 714 786 766 ut
809 707 862 785 qui
885 707 946 767 suis
969 708 1107 787 gaudeat
1128 727 1186 767 nec
1202 708 1321 769 maiora

57 810 278 872 domesticis
302 811 414 891 cupiat.
453 810 559 890 quidni
582 812 641 872 ista
663 810 746 873 bene
769 821 880 902 pmset
904 833 976 874 cum
1000 814 1126 874 minutis
1149 825 1182 874 et
1205 812 1320 875 friuolis

49 926 127 979 et
157 937 223 979 non
253 916 526 998 perseuerantibus
557 915 731 999 corpusculi
755 918 914 980 motibus?
945 941 1009 1000 quo
1033 920 1084 981 die
1107 919 1185 981 infra
1208 920 1347 1001 uolup-⁵

44 1028 195 1085 tatem
217 1022 315 1103 fuerit,
339 1032 372 1085 et
395 1022 472 1085 infra
495 1023 639 1084 dolorem
664 1024 730 1086 erit.
777 1025 864 1101 uides
888 1035 1004 1100 autem,
1028 1046 1123 1106 quam
1148 1025 1263 1089 malam
1288 1037 1321 1090 et

44 1130 264 1191 noxiosam
294 1130 478 1191 seruitutem
508 1131 678 1191 seruiturus
708 1131 760 1204 sit,
791 1152 886 1211 quem
919 1132 1097 1213 uoluptates
1122 1132 1320 1214 doloresque,

44 1233 300 1299 incertissima
323 1236 464 1298 dominia
486 1237 811 1318 inpotentissimaque,
835 1238 961 1299 alternis
984 1239 1208 1320 possidebunt:
1243 1260 1320 1320 ergo

45 1343 278 1404 exeundum
314 1343 355 1403 ad
386 1341 564 1404 libertatem
597 1351 653 1404 est.
699 1342 780 1404 hanc
811 1363 875 1404 non
907 1343 965 1404 alia
998 1365 1047 1406 res
1077 1344 1194 1408 tribuet
1224 1367 1319 1427 quam

47 1445 238 1510 fortunae
261 1433 476 1528 neglegentia:
503 1457 571 1510 tum
595 1446 670 1510 illud
694 1450 810 1510 orietur
833 1450 1060 1512 inaestimabile
1080 1450 1209 1526 bonum,
1233 1453 1320 1532 quies
1339 1464 1361 1503 ¹0

53 1556 210 1617 urentis
240 1556 270 1615 in
301 1562 371 1617 tuto
403 1554 567 1616 conlocata
598 1563 630 1616 et
660 1553 834 1631 sublimitas
865 1556 1067 1637 expulsisque
1098 1559 1254 1620 erroribus
1278 1579 1320 1621 ex

60 1662 277 1741 cognitione
300 1662 364 1722 ueri
387 1662 538 1741 gaudium
562 1663 683 1741 grande
707 1671 738 1723 et
762 1663 917 1724 inmotum
938 1664 1134 1745 comitasque
1151 1676 1181 1726 et
1197 1665 1320 1751 diffusio

67 1768 197 1841 animi,
220 1766 333 1850 quibus
357 1766 564 1829 delectabitur
587 1787 651 1828 non
675 1778 709 1828 ut
732 1767 832 1843 bonis,
855 1770 913 1830 sed
937 1779 971 1831 ut
995 1789 1036 1830 ex
1057 1768 1145 1830 bono
1161 1791 1218 1831 suo
1235 1773 1320 1832 ortis.

10 1877 19 1928 1
184 1872 225 1934 V.
265 1871 424 1954 Quoniam
448 1873 615 1935 liberaliter
638 1894 732 1954 agere
755 1875 861 1955 coepi,
893 1885 1000 1955 potest
1022 1876 1133 1937 beatus
1162 1878 1236 1951 dici,
1268 1878 1320 1957 qui

81 1996 153 2039 nec
176 1979 262 2061 cupit
284 2000 343 2041 nec
365 1981 456 2042 timet
479 1979 632 2042 beneficio
656 1982 790 2043 rationis.
829 1983 979 2062 quoniam
1003 1992 1034 2045 et
1057 2003 1136 2044 saxa
1159 1984 1272 2045 timore
1288 1993 1320 2046 et
1336 1999 1360 2036 15

83 2086 217 2148 tristitia
239 2096 348 2149 carent
370 2107 429 2148 nec
452 2087 552 2149 minus
575 2089 723 2168 pecudes,
747 2109 811 2148 non
827 2089 901 2148 ideo
917 2098 1024 2150 tamen
1040 2090 1204 2170 quisquam
1221 2089 1321 2152 felicia

33 2193 60 2248 2
93 2192 225 2268 dixerit,
256 2184 369 2275 quibus
400 2213 463 2254 non
494 2203 542 2255 est
573 2193 727 2256 felicitatis
757 2194 939 2257 intellectus
986 2198 1102 2258 eodem
1133 2197 1205 2259 loco
1235 2217 1321 2278 pone

94 2297 256 2375 homines,
286 2321 367 2381 quos
394 2301 424 2361 in
452 2321 618 2362 numerum
641 2321 793 2382 pecorum
818 2312 850 2363 et
873 2301 1051 2365 animalium
1075 2304 1198 2384 redegit
1221 2304 1321 2365 hebes

96 2414 205 2468 natura
235 2416 268 2468 et
299 2407 453 2487 ignoratio
484 2409 538 2470 sui.
584 2407 657 2469 nihil
681 2408 808 2471 interest
831 2410 910 2470 inter
933 2408 993 2470 hos
1017 2419 1050 2471 et
1073 2409 1137 2485 illa,
1169 2412 1318 2491 quoniam

17 2533 20 2538 ’
96 2510 149 2574 illis
178 2512 263 2575 nulla
294 2515 371 2576 ratio
403 2522 466 2588 est,
498 2513 545 2576 his
575 2535 673 2595 praua
703 2524 735 2576 et
765 2513 849 2576 malo
880 2536 938 2577 suo
967 2524 1061 2598 atque
1084 2518 1114 2578 in
1137 2537 1319 2598 peruersum
1334 2525 1362 2581 ²⁰.

95 2620 211 2683 sollers
257 2621 371 2684 beatus
401 2623 483 2683 enim
516 2642 611 2684 nemo
640 2622 699 2684 dici
721 2630 828 2704 potest
851 2632 943 2685 extra
966 2625 1129 2686 ueritatem
1153 2624 1320 2705 proiectus,

68 2725 186 2794 3beata
209 2747 288 2809 ergo
311 2728 375 2791 uita
398 2738 445 2791 est
468 2729 498 2789 in
519 2737 607 2790 recto
629 2738 779 2808 certoque
795 2729 907 2790 iudicio
923 2729 1059 2791 stabilita
1075 2739 1106 2792 et
1121 2729 1319 2791 inmutabilis.

94 2841 167 2896 tunc
190 2835 274 2896 enim
298 2854 375 2915 pura
399 2855 488 2897 mens
511 2843 559 2896 est
575 2844 608 2897 et
623 2833 726 2896 soluta
742 2835 889 2897 omnibus
905 2835 1003 2911 malis,
1026 2857 1098 2898 cum
1115 2856 1179 2897 non
1195 2845 1318 2898 tantum

92 2939 298 3004 lacerationes
338 2943 395 3005 sed
415 2938 521 3003 'etiam
553 2941 765 3004 uellicatioues
797 2942 921 3023 effugit,
960 2951 1080 3005 statura
1109 2963 1236 3023 semper
1266 2942 1320 3004 ubi

92 3048 232 3129 constitit
263 3068 300 3110 ac
322 3049 432 3129 sedem
456 3069 545 3110 suam
569 3049 663 3110 etiam
688 3049 767 3109 irata
790 3057 822 3110 et
845 3048 1011 3110 infestante
1035 3048 1158 3111 fortuna
1181 3050 1317 3111 uindica-
1332 3057 1359 3098 ‘2⁵

56 3171 72 3223 4
90 3162 168 3217 tura.
199 3175 275 3217 nam
290 3155 378 3236 quod
393 3156 435 3216 ad
451 3155 646 3237 uoluptatem
664 3155 807 3236 pertinet,
821 3155 891 3218 licet
905 3155 1169 3217 circumfundatur
1182 3156 1318 3236 undique

90 3271 121 3325 et
145 3283 203 3343 per
223 3263 327 3324 omnis
348 3263 413 3324 uias
429 3260 537 3323 influat
553 3262 755 3342 animumque
770 3261 993 3324 blandimentis
1009 3264 1071 3324 suis
1087 3263 1181 3324 leniat
1197 3262 1319 3343 aliaque

88 3390 132 3431 ex
155 3368 221 3430 aliis
244 3369 424 3443 admoueat,
447 3368 560 3450 quibus
584 3377 671 3430 totos
692 3389 745 3428 nos
761 3379 929 3451 partesque
946 3371 1042 3432 nostri
1059 3370 1223 3432 sollicitet:
1249 3371 1318 3450 quis

88 3565 304 3574 ..————

87 3706 196 3759 lhunc
283 3711 309 3754 ut
328 3706 369 3770 qui
390 3701 487 3759 Gertz:
508 3705 558 3755 hoc
645 3711 701 3771 utqe
792 3703 977 3771 idoloresqar
1069 3707 1199 3760 iltribuet
1219 3707 1315 3762 Gertz:

85 3796 172 3845 tribuit
263 3793 296 3847 10
320 3794 475 3859 neglegentia
494 3801 522 3846 tu
543 3794 568 3859 (a
587 3801 615 3846 t1'1
634 3792 662 3846 in
680 3795 748 3861 ras.)
840 3797 899 3845 illud
918 3797 946 3858 (d
964 3811 1003 3849 ex
1022 3804 1030 3844 t
1049 3797 1133 3862 corr.)
1225 3799 1312 3863 quies*

84 3883 126 3951 (in
144 3898 212 3950 raa,
230 3881 341 3937 uidetur
355 3879 447 3951 fuisse
467 3882 503 3950 es)
608 3883 638 3934 11
667 3885 790 3934 collocata
810 3883 906 3954 (prior
924 3885 932 3932 l
951 3888 1031 3949 corr.)
1131 3887 1163 3935 ed
1180 3887 1317 3936 sublimitas

83 3973 245 4038 expulsisq3*
307 3956 309 3961 Ι
353 3973 476 4021 erroribus
494 3967 659 4024 Pincianus:
681 3975 813 4022 terroribus
922 3973 955 4037 12
976 3975 1105 4023 immotum
1211 3974 1242 4026 14
1261 3976 1316 4039 cepi

178 4096 211 4149 15
231 4104 255 4148 et
273 4098 371 4147 tristitia
388 4094 487 4166 uulgo:
508 4064 666 4147 necltristilia
757 4097 790 4150 19
814 4100 937 4161 ignoratio
951 4099 1114 4163 (correctum
1127 4100 1155 4150 in
1168 4102 1316 4164 ignorantia,

82 4181 187 4239 lineola
206 4201 294 4256 supra
312 4187 435 4256 aposita
454 4191 480 4241 et
499 4203 514 4235 o
534 4185 562 4238 in
581 4203 595 4235 a
615 4186 728 4253 mutata)
813 4186 846 4239 23
866 4198 946 4236 runca
966 4187 1182 4256 (manauerint
1197 4186 1316 4253 uidetur)

176 4274 211 4327 24
230 4276 315 4340 effugit
333 4271 464 4342 Madvig:
486 4276 598 4342 effugerit
688 4273 721 4327 21)
741 4277 890 4339 uoluptatem
911 4274 1073 4329 deteriores:
1094 4277 1244 4325 uoluntatem

83 4364 119 4418 27
139 4366 244 4430 aliaqu
344 4361 377 4415 28
397 4371 537 4413 ammoneat
633 4370 697 4412 totos
715 4379 760 4412 nos
780 4361 872 4415 Koch:
893 4370 958 4413 totos
1060 4377 1193 4429 parresq;s
1212 4368 1314 4414 nostris

82 4454 180 4521 (eraso
200 4454 222 4515 s)
