3046 5092
241 326 303 385 100
601 318 681 379 DlAL.
696 320 722 362 V.
751 319 791 358 DE
807 319 858 358 IRA
873 319 927 361 LIB.
944 319 983 363 lu.
1014 322 1045 361 lt.
1063 321 1094 363 17.

328 466 414 528 XVI.
455 466 617 547 Quamdiu
647 466 776 546 quidem
807 465 881 526 nihil
904 475 970 527 tam
998 464 1193 528 intolerabile
1216 466 1309 529 nobis
1333 469 1466 543 uidetur,
1486 483 1513 537 Ι

239 583 272 634 ut
295 593 354 633 nos
376 570 517 652 expellat
539 593 557 633 c
581 573 653 646 uita,
676 573 762 645 iram,
786 572 815 632 in
839 593 1042 653 quocumque
1065 573 1180 634 erimus
1203 582 1297 648 statu,
1320 557 1482 636 remoues

214 687 347 741 ‘amusz
379 680 553 759 perniciosa
576 688 624 741 est
647 679 861 740 seruientibus,
907 681 1011 761 omnis
1041 680 1125 740 enim
1147 680 1321 761 indignatio
1346 682 1377 742 in
1401 691 1465 744 tor-

239 797 382 849 mentum
406 808 498 849 suum
521 780 646 867 proficit
669 794 700 847 et
723 787 852 866 imperia
875 787 1021 866 grauiora
1045 788 1138 848 sentit
1161 809 1226 868 quo
1250 789 1468 850 contumacius

213 894 363 973 spatitur.
410 894 454 955 sic
476 893 607 973 laqueos
630 892 703 967 Iera,
727 894 803 954 dum
827 893 930 967 iactat,
954 894 1127 972 adstringit.
1166 895 1210 955 sic
1237 915 1313 956 aues
1337 895 1467 970 uiscum,

239 1002 317 1061 dum
341 1001 533 1080 trepidantes
557 1001 733 1074 excutiunt,
764 1000 878 1080 plumis
902 1000 1048 1062 omnibus
1071 999 1210 1064 inlinunt.
1255 1001 1377 1064 nullum
1401 1011 1466 1064 tam

239 1116 342 1169 artum
374 1116 423 1169 est
453 1109 572 1198 iugum.
590 1107 677 1186 quod
707 1126 771 1168 non
795 1107 897 1168 minus
928 1106 1033 1168 laedat
1061 1108 1230 1169 ducentem
1253 1129 1351 1189 quarn
1377 1128 1466 1191 repu-

240 1224 400 1298 gnmtem.
462 1233 557 1274 unum
589 1224 638 1275 est
668 1212 882 1274 leuamentum
915 1213 1078 1275 ⁴malorum
1109 1215 1299 1295 ingentium,
1338 1215 1405 1296 pati
1436 1223 1468 1278 et

241 1321 477 1385 necessitatibus
508 1321 570 1382 suis
600 1319 742 1400 obsequi.
800 1321 856 1381 sed
887 1341 959 1381 cum
991 1320 1072 1383 utilis
1103 1322 1143 1384 sit
1172 1321 1381 1384 seruientibus
1412 1322 1494 1385 adt

204 1441 226 1480 ¹⁰
241 1429 379 1491 fectuum
402 1448 530 1490 suorum
544 1437 587 1488 ·et
610 1427 700 1487 huius
716 1427 882 1508 praecipue
905 1427 1005 1489 rabidi
1026 1437 1121 1507 atque
1137 1427 1244 1489 effreni
1268 1429 1466 1504 continentia,

242 1534 343 1597 utilior
367 1545 415 1617 est
437 1533 580 1614 regibus:
611 1534 768 1614 perierunt
792 1534 910 1607 omnia,
933 1533 986 1594 ubi
1010 1544 1163 1614 quantum
1187 1535 1231 1597 ira
1253 1536 1382 1610 suadet,
1406 1534 1465 1597 lor-

241 1652 317 1704 tuna
347 1642 516 1723 permittit,
555 1661 614 1702 nec
644 1640 696 1702 diu
727 1649 834 1721 potest
866 1661 947 1720 quae
978 1640 1148 1703 multorum
1185 1641 1270 1703 malo
1302 1650 1467 1704 exercetur

241 1750 382 1830 potentia
412 1758 504 1810 stare.
550 1747 741 1829 periclitatur
765 1747 862 1820 enim,
896 1748 948 1808 ubi
980 1768 1036 1809 eos
1059 1749 1112 1828 qui
1134 1749 1303 1830 separatim
1326 1759 1468 1830 gemunt,

241 1856 417 1918 communis
448 1866 551 1916 metus
575 1855 682 1915 iunxit.
727 1854 894 1934 plerosque
922 1855 1027 1935 itaque
1051 1856 1151 1916 modo
1173 1855 1285 1934 singuli
1308 1865 1467 1920 mactaue-

204 1975 226 2013 15
242 1972 328 2037 runt,
361 1964 461 2024 modo
493 1961 643 2035 uniuersi,
674 1980 746 2021 cum
777 1960 847 2022 illos
880 1960 1021 2022 conferre
1052 1961 1082 2022 in
1115 1982 1212 2023 unum
1242 1964 1303 2025 iras
1326 1962 1469 2045 publicus

242 2069 334 2132 dolor
369 2071 536 2149 coegisset.
590 2069 676 2148 atqui
707 2067 846 2148 plerique
876 2058 920 2128 sic
954 2067 1031 2130 iram
1062 2069 1152 2148 quasi
1191 2070 1311 2150 insigne
1348 2071 1498 2151 regium3

242 2184 460 2250 exercuerunt,
484 2176 563 2260 sicut
579 2175 711 2248 Dareus,
733 2175 786 2254 qui
801 2174 919 2253 primus
935 2183 1009 2254 post
1024 2173 1167 2237 ablatum
1184 2195 1280 2255 mago
1304 2177 1469 2258 imperium

242 2285 353 2345 Persas
385 2291 417 2344 et
449 2301 597 2362 magnam
629 2290 751 2361 partem
783 2281 910 2342 orientis
941 2279 1085 2342 obtinuit.
1142 2302 1216 2343 nam
1248 2303 1320 2345 cum
1351 2283 1469 2347 bellum

243 2389 370 2470 Scythis
394 2389 556 2450 indixisset
580 2389 733 2450 orientem
755 2386 959 2468 cingentibus
983 2398 1113 2469 rogatus
1137 2388 1177 2450 ab
1195 2387 1351 2452 Oeobazo
1374 2391 1471 2453 nobili

203 2507 229 2546 '20
243 2516 327 2571 sene,
351 2506 385 2558 ut
408 2517 451 2557 ex
475 2495 573 2557 tribus
597 2494 701 2556 liberis
725 2514 820 2555 unum
844 2494 874 2554 in
898 2493 1049 2555 solacium
1072 2496 1153 2575 patri
1168 2495 1366 2576 relinqueret,
1390 2499 1468 2560 duo-

242 2618 432 2684 rum‘opera
456 2612 609 2676 uteretur,
641 2601 710 2682 plus
741 2621 836 2682 quam
868 2600 1040 2681 rogabatur
1063 2601 1218 2681 pollicitus
1245 2603 1349 2665 omnis
1372 2626 1408 2668 se
1430 2604 1470 2667 illi

243 2709 322 2771 dixit
346 2710 547 2770 remissurum
571 2719 603 2769 et
626 2709 748 2770 occisos
772 2708 802 2768 in
826 2718 998 2787 conspectu
1021 2692 1158 2789 parentis
1182 2710 1311 2785 abiecit,
1337 2711 1469 2775 crudelis

245 2814 371 2885 futurus,
395 2817 419 2876 si
437 2815 538 2878 omnis
560 2814 753 2877 abduxisset.
785 2825 817 2875 at
840 2814 1101 2894 quantoxerxes
1124 2814 1260 2878 facilior?
1284 2818 1338 2896 qui
1355 2817 1500 2897 Pythiol

207 2969 209 2972 >
243 2924 380 3004 quinque
395 2922 528 2985 filiorum
552 2922 633 3003 patri
650 2923 737 2983 nnius
759 2921 957 2983 uacationem
972 2923 1101 3002 petenti,
1124 2942 1218 3002 quem
1236 2921 1330 2984 uellet
1354 2922 1469 3005 eligere

203 3048 229 3086 is
243 3030 390 3112 permisit.
444 3030 559 3091 deinde
590 3049 686 3109 quem
716 3028 868 3108 elegerat,
904 3031 934 3090 in
964 3039 1070 3109 partes
1101 3030 1180 3090 duas
1209 3030 1397 3093 distractum
1428 3031 1469 3094 ab

244 3145 379 3215 utroque
410 3136 478 3197 uiae
516 3135 614 3197 latere
644 3135 749 3216 posuit
780 3142 812 3194 et
843 3133 903 3195 hac
941 3134 1067 3197 uictima
1104 3134 1246 3198 lustrauit
1284 3141 1468 3201 exercitum.

244 3242 355 3304 habuit
377 3243 482 3322 itaque
505 3263 600 3322 quem
625 3241 734 3303 debuit
757 3243 894 3303 exitum:
929 3243 1028 3303 uictus
1056 3251 1088 3304 et
1111 3242 1174 3304 late
1201 3243 1361 3325 longeque
1384 3243 1468 3308 fusus

245 3370 282 3410 ac
311 3358 444 3410 stratam
475 3349 591 3429 ubique
629 3349 748 3408 ruinam
786 3368 876 3409 suam
907 3368 1037 3410 cernens
1068 3350 1191 3411 medius
1220 3350 1302 3411 inter
1338 3373 1467 3414 suorum

245 3457 400 3517 cadauera
422 3457 555 3517 incessit.

118 3629 124 3647 ,-
205 3579 230 3618 30
334 3561 434 3623 XVII.
459 3560 549 3622 Haec
571 3560 712 3622 barbaris
728 3561 854 3642 regibus
870 3559 974 3622 feritas
991 3561 1021 3622 in
1041 3562 1085 3623 ira
1101 3560 1172 3637 suit,
1195 3584 1275 3645 quos
1291 3563 1378 3626 nulla
1400 3586 1466 3628 eru-
1488 3569 1497 3620 l

246 3669 331 3742 ditio,
354 3666 455 3729 nullus
470 3667 642 3731 litterarum
659 3667 759 3730 cultus
774 3666 936 3730 inbuerat:
965 3667 1050 3740 dabo
1066 3668 1123 3731 tibi
1146 3690 1188 3731 ex
1204 3668 1388 3734 Aristotelis
1403 3673 1469 3734 sinu

246 3953 386 4018 Pexpellat
406 3953 440 4018 (al
459 3951 485 4003 iu
505 3952 570 4016 rar.)
677 3951 841 4018 badslriugit
950 3954 1041 4000 uiscum
1061 3952 1095 4016 (ui
1114 3951 1142 4003 in
1161 3953 1228 4016 rus.)
1338 3949 1468 4008 Gillinunt

246 4041 335 4111 (prior
354 4042 361 4090 l
381 4042 464 4107 corr.)
573 4040 588 4091 u
608 4043 737 4089 affectuum
757 4041 847 4110 (prior
866 4042 877 4089 f
893 4042 976 4106 corr.)
1087 4041 1119 4094 10
1138 4050 1188 4105 atq;
1210 4041 1256 4107 (tq3
1277 4044 1361 4109 corr.)

248 4150 278 4200 ll
299 4158 414 4214 quantum
432 4119 549 4214 uallum
569 4149 576 4196 i
595 4148 678 4214 corr.)
777 4146 808 4199 16
828 4149 894 4212 atqui
914 4148 949 4214 (at
968 4149 1051 4212 corr.)
1152 4145 1182 4199 18
1203 4123 1272 4212 persii
1291 4148 1313 4214 (s
1333 4128 1419 4217 del.)-

247 4237 279 4289 19
300 4239 331 4286 ab
352 4239 471 4287 Oeobazo
490 4235 615 4306 [ἐρείπει
636 4238 779 4286 aborobazo
882 4237 916 4289 23
935 4239 1024 4286 Xerses
1126 4237 1159 4290 26
1179 4239 1227 4286 uite
1245 4237 1322 4288 latere
1340 4239 1376 4304 (te
1394 4241 1502 4290 latere'

246 4342 273 4392 in
292 4358 357 4400 ras,
377 4342 403 4394 in
423 4359 509 4411 marq.
530 4360 563 4393 ut.
586 4347 601 4394 4
622 4357 644 4396 c.
664 4342 712 4408 uie)
821 4341 854 4396 28
874 4327 913 4392 ini
928 4327 949 4409 (⁸
965 4341 993 4395 in
1012 4343 1079 4409 ras.)
1203 4342 1236 4395 31
1256 4345 1399 4395 exaristote}
1417 4349 1469 4397 sinu

247 4431 468 4497 omnm)
585 4422 588 4429 '
