3046 5092
349 319 482 365 nmuvr.
510 320 1023 366 nnuAncruuoacousomrroua.
1055 326 1073 366 r.
1145 332 1147 337 ¹
1261 331 1317 390 121

106 465 221 547 publica
252 477 461 530 monumenta
488 466 601 543 libros,
632 489 712 549 quos
741 470 786 530 uir
808 467 859 530 ille
882 466 1067 531 fortissimus
1091 473 1243 551 sanguine
1266 491 1324 533 suo
1349 468 1358 486 ’

104 575 270 656 scripserat.
317 576 437 656 optime
468 578 608 638 meruisti
640 577 681 637 de
712 576 865 638 Romanis
895 578 1020 652 studim,
1053 571 1176 657 magna
1201 579 1323 638 illorum

102 701 168 761 pars
190 690 318 743 arserat.
367 684 488 763 optime
511 684 553 744 de
576 683 719 764 posteris,
732 685 784 744 ad
808 703 887 764 quos
904 684 1014 768 ueniet
1024 684 1205 765 incorrupta
1221 703 1323 745 rerum

101 786 174 850 fides
205 789 327 850 auctori
358 808 415 851 suo
447 809 565 871 magno
598 791 746 871 inputata.
794 791 915 871 optime
943 792 984 851 de
1014 791 1099 872 ipsu,
1130 792 1216 853 cuius
1239 782 1325 872 uiget

101 893 281 976 uigebitque
312 896 483 971 memoria,
515 896 663 978 quamdiu
696 898 726 958 in
756 898 859 978 pretio
882 895 974 959 luerit
997 897 1146 959 Romana
1169 896 1350 978 cognoscis

101 1002 248 1082 quamdiu
272 1003 437 1085 quisquam
462 1004 527 1078 erit,
551 1005 603 1085 qui
625 1005 738 1066 reuerti
753 1004 827 1066 uelit
842 1005 884 1066 ad
900 1013 971 1066 acta
987 1005 1151 1079 maiorum,
1174 1005 1325 1085 quamdiu

100 1109 261 1189 quisquam
291 1109 344 1190 qui
373 1110 447 1172 uelit
477 1111 572 1185 scire,
611 1112 685 1192 quid
717 1111 756 1172 sit
787 1110 832 1172 uir
860 1111 1040 1186 Romanus,
1081 1114 1156 1193 quid
1187 1111 1325 1173 subactis

101 1215 155 1276 iam
180 1216 353 1278 ceruicibus
377 1220 519 1279 omnium
543 1227 575 1279 et
606 1220 648 1279 ad
672 1217 872 1280 Seianianum
904 1219 1010 1299 iugum
1042 1220 1161 1281 adactis
1192 1220 1325 1280 indomi-

63 1325 159 1397 stus,
191 1323 269 1404 quid
298 1324 339 1386 sit
369 1323 469 1386 homo
499 1325 642 1405 ingeni0,
674 1325 796 1398 anim0,
828 1345 922 1386 manu
954 1324 1039 1386 liber.
1087 1345 1238 1407 magnum
1275 1346 1325 1386 me

101 1429 238 1492 hercules
269 1431 494 1493 detrimentum
528 1433 704 1512 respublica
734 1441 877 1515 ceperat,
919 1434 944 1494 si
975 1431 1059 1494 illum
1092 1433 1136 1494 ob
1167 1434 1246 1494 duas
1276 1453 1326 1494 res
1343 1452 1365 1490 ιο

16 1564 30 1593 ι
101 1538 319 1617 pulcherrimas
350 1538 381 1598 in
406 1537 596 1601 obliuionem
622 1536 817 1614 coriiectum,
836 1538 1058 1621 'eloquentiam
1084 1549 1116 1601 et
1139 1539 1326 1614 libertatem,

102 1664 159 1705 non
182 1645 338 1707 eruisses:
369 1643 497 1725 legitur,
529 1645 638 1721 floret,
670 1648 700 1707 in
724 1667 835 1708 manus
858 1648 1039 1722 hominum,
1072 1647 1101 1708 in
1125 1656 1255 1728 pectora
1279 1668 1325 1709 re-

102 1762 205 1833 ceptus
230 1759 423 1814 uetustatem
447 1751 565 1814 nullam
589 1754 695 1816 timet:
723 1762 755 1814 at
778 1753 900 1814 illorum
925 1752 1104 1815 carnificum
1128 1755 1191 1815 cito
1207 1753 1327 1814 scelera

76 1860 238 1941 iquoque,
278 1860 391 1940 quibus
422 1859 496 1922 solis
533 1863 719 1922 memoriam
758 1871 956 1934 meruerunt,
996 1861 1193 1924 tacebuntur.
1247 1859 1327 1922 haec

100 1967 284 2045 magnitudo
309 1969 404 2028 animi
429 1969 473 2029 tui
498 1970 597 2029 uetuit
621 1988 672 2028 me
689 1969 731 2029 ad
747 1987 860 2030 sexum
877 1977 965 2029 tuum
982 1969 1144 2049 respicere,
1169 1969 1269 2029 uetuit
1284 1969 1325 2029 ad
1343 1985 1366 2023 u

100 2072 235 2147 uoltum,
268 2093 363 2154 quem
395 2083 446 2136 tot
475 2094 629 2135 annorum
654 2077 803 2137 continua
826 2075 965 2150 tristitia,
997 2085 1033 2136 ut
1056 2073 1155 2135 semel
1180 2074 1326 2149 obduxit,

98 2187 192 2242 tenet.
240 2189 273 2242 et
303 2181 392 2254 uide,
425 2201 521 2262 quam
552 2201 617 2242 non
648 2180 818 2262 subrepam
842 2180 898 2276 tibi
922 2201 981 2243 nec
1004 2179 1119 2243 lurtum
1144 2181 1246 2244 lacere
1271 2183 1324 2244 ad-

96 2284 228 2348 fectibus
259 2289 319 2347 tuis
340 2290 509 2367 cogitem:
544 2291 673 2367 antiqua
702 2287 838 2348 malain
862 2290 1051 2350 memoriam
1075 2289 1205 2363 reduxi,
1236 2298 1269 2350 et
1292 2298 1327 2351 ut

95 2396 196 2467 scires
221 2393 304 2455 hanc
334 2414 461 2475 quoque
491 2393 620 2474 plagam
652 2414 722 2455 esse
753 2395 944 2468 sanandam,
981 2396 1107 2456 ostendi
1139 2396 1196 2457 tibi
1227 2417 1327 2477 aeque

94 2503 202 2581 magni
226 2499 363 2562 uolneris
385 2503 568 2564 cicatricem
610 2500 661 2562 alii
678 2503 784 2582 itaque
801 2500 938 2563 molliter
954 2512 1051 2582 agant
1068 2512 1100 2565 et
1116 2502 1325 2576 blandiantur,
1341 2517 1366 2556 m

93 2627 157 2687 ego
182 2606 354 2688 confligere
377 2629 449 2670 cum
473 2617 529 2671 tuo
554 2629 699 2670 maerore
715 2611 863 2671 constitui
881 2619 914 2670 et
930 2607 1071 2670 defessos
1088 2608 1326 2690 exhaustosque

92 2714 211 2789 oculoS,
235 2716 261 2776 si
284 2734 394 2776 uerum
419 2717 473 2790 uiS,
498 2717 599 2796 magis
615 2717 678 2777 iam
694 2735 735 2776 ex
752 2715 978 2777 consuetudine
994 2736 1090 2795 quam
1107 2735 1149 2801 erc
1166 2717 1325 2777 desiderio

91 2820 219 2883 fluentis
251 2822 438 2896 contineb0‚
471 2824 495 2884 si
526 2822 592 2884 fieri
623 2823 776 2902 potuerit,
808 2822 935 2884 fauente
965 2832 998 2883 te
1021 2823 1177 2919 remediis·
1191 2825 1269 2897 tuis,
1300 2825 1326 2884 si

90 2931 205 3003 minuS,
229 2927 279 2989 uel
302 2930 413 3003 inuita,
436 2938 546 2991 teneas
571 2928 643 2990 licet
666 2938 699 2991 et
722 2928 913 3011 amplexeris
937 2928 1083 2990 dolorem
1107 2938 1205 3004 tuum,
1229 2949 1325 3010 quem
1385 2955 1387 2959 ⁴

51 3039 69 3092 6
90 3036 151 3098 tibi
174 3038 206 3096 in
229 3033 280 3097 filii
304 3035 410 3097 locum
434 3038 636 3116 superstitem
661 3034 769 3098 iecisti.
816 3039 884 3116 quis
908 3037 991 3097 enim
1015 3038 1073 3098 erit
1096 3035 1185 3098 finis?
1217 3039 1324 3098 omnia
1339 3051 1365 3091 ²5

89 3145 124 3204 in
157 3162 385 3223 superuacuum
417 3152 576 3222 temptata
599 3153 690 3204 sunt:
725 3141 876 3222 fatigatae
899 3141 1119 3205 adlocutiones
1143 3143 1326 3219 amicorum,
1378 3204 1380 3209 ,

90 3252 301 3312 auctoritates
332 3269 522 3330 magnorum
553 3260 585 3310 et
616 3249 765 3312 adfinium
796 3250 853 3311 tibi
885 3252 1042 3311 uirorum:
1084 3250 1204 3324 studia,
1236 3251 1325 3312 here-

91 3357 242 3429 ditarium
267 3366 299 3417 et
323 3364 488 3436 paternum
513 3356 643 3430 bonum,
667 3358 778 3417 surdas
802 3376 892 3417 aures
909 3358 1001 3418 inrito
1017 3366 1050 3418 et
1066 3360 1120 3418 uix
1137 3359 1178 3419 ad
1194 3356 1325 3419 breuem

92 3464 340 3543 occupationem
372 3461 557 3543 proficiente
589 3462 708 3524 solacio
739 3472 910 3526 transeunt.
957 3462 1034 3524 illud
1057 3466 1159 3545 ipsum
1184 3465 1325 3526 naturale

78 3727 111 3780 ⁴4
131 3729 252 3792 imputata
354 3728 447 3791 optime
471 3729 515 3794 (op
533 3727 560 3779 in
581 3721 649 3792 rus.)
746 3703 793 3780 Ι10
818 3732 911 3778 res-P·
1002 3736 1119 3794 coeperat
1209 3747 1247 3780 res
1266 3729 1325 3784 cod.

94 3825 161 3866 arms
175 3813 307 3882 Muretus,
321 3831 400 3884 quem
413 3813 527 3887 Maduip
539 3819 672 3886 sequitur,
693 3815 823 3886 deceptus
836 3815 962 3870 Fickertr'
978 3815 1079 3871 iudicio
1158 3819 1181 3870 ll
1205 3821 1326 3869 coiectum

170 3904 204 3958 12
223 3907 295 3956 floret
314 3902 478 3973 deteriores:
500 3908 568 3956 florei
660 3905 687 3957 ll
708 3909 851 3956 tacebuntur
872 3905 966 3960 Curio:
987 3909 1102 3956 tacebunt
1182 3909 1214 3959 ln·
1234 3909 1325 3958 uultum

95 3994 192 4064 (prior
210 4011 225 4044 u
245 3993 272 4046 r‘u
291 3995 359 4061 rus)
463 3995 495 4048 lt
519 3998 647 4046 affectibus
748 3996 781 4046 la'
805 4003 828 4045 et
847 4003 871 4046 ut
890 3997 964 4046 scires
986 3994 1141 4049 Schultess:
1169 4006 1191 4046 et
1210 3998 1246 4045 uis
1264 3999 1326 4046 scire

183 4081 214 4136 19
234 4100 295 4149 eque
379 4084 414 4137 20
433 4086 537 4134 uulneris
622 4086 655 4138 22
675 4087 726 4134 iam
747 4085 823 4153 (post
840 4083 911 4137 lunc
929 4099 1022 4138 uocem
1042 4084 1139 4139 cliuum
1157 4084 1257 4138 uitiosa
1275 4086 1325 4151 est)

132 4184 138 4190 ”
198 4173 233 4227 26
258 4174 361 4238 fatigate
482 4176 632 4236 amicorum,
658 4176 816 4224 auctoritates
836 4216 841 4230 ,
860 4216 865 4226 .
885 4176 1008 4224 uirorum:
1034 4172 1125 4242 studia]
1150 4173 1221 4226 hurso
1244 4173 1325 4226 inter·

92 4263 269 4334 punctionem
295 4262 465 4332 superiorum
492 4262 626 4317 editorum
651 4263 776 4317 inmerito
801 4261 969 4331 reliquerunt
986 4260 1100 4315 Ficlrert
1118 4270 1143 4314 er
1165 4261 1269 4325 Haase,
1288 4262 1326 4314 im

97 4351 295 4422 distinguentes
314 4353 458 4406 amicorum.
479 4354 660 4407 auctoritates.
684 4355 832 4413 .uirorum,
851 4353 931 4400 studia
1033 4350 1066 4404 29
1092 4353 1235 4416 proficiente
1255 4350 1326 4404 dele·

97 4426 203 4495 norum
221 4457 293 4496 unus
311 4448 336 4495 ul
354 4439 440 4494 alter:
462 4443 617 4506 proficientes
