<?xml version="1.0" encoding="UTF-8"?>
<!DOCTYPE html PUBLIC "-//W3C//DTD XHTML 1.0 Transitional//EN"
    "http://www.w3.org/TR/xhtml1/DTD/xhtml1-transitional.dtd">
<html xmlns="http://www.w3.org/1999/xhtml" xml:lang="en" lang="en">
 <head>
  <title>
</title>
<meta http-equiv="Content-Type" content="text/html;charset=utf-8" />
  <meta name='ocr-system' content='tesseract 3.04.00' />
  <meta name='ocr-capabilities' content='ocr_page ocr_carea ocr_par ocr_line ocrx_word'/>
</head>
<body>
  <div class='ocr_page' id='page_1' title='image "./lannaeisenecaed00vahlgoog_0066.png"; bbox 0 0 3046 5092; ppageno 0'>
   <div class='ocr_carea' id='block_1_1' title="bbox 376 337 1333 402">
    <p class='ocr_par' dir='ltr' id='par_1_1' title="bbox 376 337 1333 402">
     <span class='ocr_line' id='line_1_1' title="bbox 376 337 1333 402; baseline -0.007 -22"><span class='ocrx_word' id='word_1_1' title='bbox 376 339 598 381; x_wconf 79' lang='lat' dir='ltr'>CONTVMELIAM</span> <span class='ocrx_word' id='word_1_2' title='bbox 619 338 765 380; x_wconf 81' lang='lat' dir='ltr'><strong>ACCIPERE</strong></span> <span class='ocrx_word' id='word_1_3' title='bbox 784 338 964 379; x_wconf 73' lang='lat' dir='ltr'>SAPIENTEM.</span> <span class='ocrx_word' id='word_1_4' title='bbox 986 337 1013 376; x_wconf 87' lang='lat' dir='ltr'>X.</span> <span class='ocrx_word' id='word_1_5' title='bbox 1030 337 1070 377; x_wconf 89' lang='lat' dir='ltr'>Xl.</span> <span class='ocrx_word' id='word_1_6' title='bbox 1292 343 1333 402; x_wconf 70' lang='lat'>27</span> 
     </span>
    </p>
   </div>
   <div class='ocr_carea' id='block_1_2' title="bbox 103 481 1466 3547">
    <p class='ocr_par' dir='ltr' id='par_1_2' title="bbox 119 481 1335 566">
     <span class='ocr_line' id='line_1_2' title="bbox 119 481 1335 566; baseline -0.005 -18"><span class='ocrx_word' id='word_1_7' title='bbox 119 488 169 548; x_wconf 90' lang='lat' dir='ltr'>sibi</span> <span class='ocrx_word' id='word_1_8' title='bbox 204 495 233 548; x_wconf 93' lang='lat' dir='ltr'>et</span> <span class='ocrx_word' id='word_1_9' title='bbox 263 487 366 546; x_wconf 92' lang='lat' dir='ltr'>omnis</span> <span class='ocrx_word' id='word_1_10' title='bbox 399 485 471 559; x_wconf 54' lang='lat' dir='ltr'>ham</span> <span class='ocrx_word' id='word_1_11' title='bbox 503 507 580 566; x_wconf 90' lang='lat' dir='ltr'>quas</span> <span class='ocrx_word' id='word_1_12' title='bbox 611 507 675 546; x_wconf 92' lang='lat' dir='ltr'>non</span> <span class='ocrx_word' id='word_1_13' title='bbox 704 485 843 546; x_wconf 81' lang='lat' dir='ltr'>miserias</span> <span class='ocrx_word' id='word_1_14' title='bbox 874 486 1049 544; x_wconf 90' lang='lat' dir='ltr'>animorum</span> <span class='ocrx_word' id='word_1_15' title='bbox 1086 485 1142 544; x_wconf 93' lang='lat' dir='ltr'>sed</span> <span class='ocrx_word' id='word_1_16' title='bbox 1175 481 1335 543; x_wconf 84' lang='lat' dir='ltr'>molestias</span> 
     </span>
    </p>

    <p class='ocr_par' dir='ltr' id='par_1_3' title="bbox 103 589 1404 1097">
     <span class='ocr_line' id='line_1_3' title="bbox 103 589 1335 671; baseline -0.005 -15"><span class='ocrx_word' id='word_1_17' title='bbox 103 607 114 657; x_wconf 79' lang='lat' dir='ltr'>l</span> <span class='ocrx_word' id='word_1_18' title='bbox 128 593 254 666; x_wconf 81' lang='lat' dir='ltr'>dixerim,</span> <span class='ocrx_word' id='word_1_19' title='bbox 279 612 343 652; x_wconf 91' lang='lat' dir='ltr'>non</span> <span class='ocrx_word' id='word_1_20' title='bbox 369 593 463 653; x_wconf 90' lang='lat' dir='ltr'>uincit</span> <span class='ocrx_word' id='word_1_21' title='bbox 484 594 541 654; x_wconf 92' lang='lat' dir='ltr'>sed</span> <span class='ocrx_word' id='word_1_22' title='bbox 558 613 597 653; x_wconf 93' lang='lat' dir='ltr'>ne</span> <span class='ocrx_word' id='word_1_23' title='bbox 613 593 707 653; x_wconf 84' lang='lat' dir='ltr'>sentit</span> <span class='ocrx_word' id='word_1_24' title='bbox 721 592 858 671; x_wconf 86' lang='lat' dir='ltr'>quidem.</span> <span class='ocrx_word' id='word_1_25' title='bbox 897 589 956 651; x_wconf 89' lang='lat' dir='ltr'>alia</span> <span class='ocrx_word' id='word_1_26' title='bbox 966 598 1048 667; x_wconf 32' lang='lat' dir='ltr'>,sunt</span> <span class='ocrx_word' id='word_1_27' title='bbox 1064 610 1144 669; x_wconf 89' lang='lat' dir='ltr'>quae</span> <span class='ocrx_word' id='word_1_28' title='bbox 1160 590 1335 670; x_wconf 84' lang='lat' dir='ltr'><strong>sapientem</strong></span> 
     </span>
     <span class='ocr_line' id='line_1_4' title="bbox 133 696 1404 780; baseline 0 -21"><span class='ocrx_word' id='word_1_29' title='bbox 133 698 231 771; x_wconf 89' lang='lat' dir='ltr'>leriunt,</span> <span class='ocrx_word' id='word_1_30' title='bbox 254 699 349 759; x_wconf 90' lang='lat' dir='ltr'>etiam</span> <span class='ocrx_word' id='word_1_31' title='bbox 373 700 399 759; x_wconf 95' lang='lat' dir='ltr'>si</span> <span class='ocrx_word' id='word_1_32' title='bbox 423 720 486 759; x_wconf 90' lang='lat' dir='ltr'>non</span> <span class='ocrx_word' id='word_1_33' title='bbox 510 707 703 780; x_wconf 87' lang='lat' dir='ltr'>peruertunt,</span> <span class='ocrx_word' id='word_1_34' title='bbox 727 706 761 758; x_wconf 92' lang='lat' dir='ltr'>ut</span> <span class='ocrx_word' id='word_1_35' title='bbox 778 697 871 758; x_wconf 89' lang='lat' dir='ltr'>dolor</span> <span class='ocrx_word' id='word_1_36' title='bbox 894 696 1034 777; x_wconf 92' lang='lat' dir='ltr'>corporis</span> <span class='ocrx_word' id='word_1_37' title='bbox 1058 705 1090 757; x_wconf 91' lang='lat' dir='ltr'>et</span> <span class='ocrx_word' id='word_1_38' title='bbox 1114 696 1257 757; x_wconf 82' lang='lat' dir='ltr'>debilitas</span> <span class='ocrx_word' id='word_1_39' title='bbox 1282 706 1336 758; x_wconf 90' lang='lat' dir='ltr'>aut</span> <span class='ocrx_word' id='word_1_40' title='bbox 1394 712 1404 759; x_wconf 75' lang='grc'>’,</span> 
     </span>
     <span class='ocr_line' id='line_1_5' title="bbox 137 796 1334 885; baseline -0.001 -19"><span class='ocrx_word' id='word_1_41' title='bbox 137 806 282 866; x_wconf 88' lang='lat' dir='ltr'>amicorum</span> <span class='ocrx_word' id='word_1_42' title='bbox 306 804 540 884; x_wconf 87' lang='lat' dir='ltr'>liberorumque</span> <span class='ocrx_word' id='word_1_43' title='bbox 564 796 689 865; x_wconf 85' lang='lat' dir='ltr'>aniissio</span> <span class='ocrx_word' id='word_1_44' title='bbox 706 814 738 865; x_wconf 93' lang='lat' dir='ltr'>et</span> <span class='ocrx_word' id='word_1_45' title='bbox 753 805 873 885; x_wconf 84' lang='lat' dir='ltr'>patriae</span> <span class='ocrx_word' id='word_1_46' title='bbox 890 802 974 864; x_wconf 92' lang='lat' dir='ltr'>bello</span> <span class='ocrx_word' id='word_1_47' title='bbox 991 802 1150 882; x_wconf 86' lang='lat' dir='ltr'>flagrantis</span> <span class='ocrx_word' id='word_1_48' title='bbox 1167 801 1334 865; x_wconf 88' lang='lat' dir='ltr'>calamitas.</span> 
     </span>
     <span class='ocr_line' id='line_1_6' title="bbox 139 907 1362 993; baseline -0.001 -22"><span class='ocrx_word' id='word_1_49' title='bbox 139 911 197 973; x_wconf 88' lang='lat' dir='ltr'>baec</span> <span class='ocrx_word' id='word_1_50' title='bbox 209 932 268 971; x_wconf 92' lang='lat' dir='ltr'>non</span> <span class='ocrx_word' id='word_1_51' title='bbox 284 931 368 993; x_wconf 86' lang='lat' dir='ltr'>nego</span> <span class='ocrx_word' id='word_1_52' title='bbox 384 913 499 972; x_wconf 88' lang='lat' dir='ltr'>sentire</span> <span class='ocrx_word' id='word_1_53' title='bbox 515 913 698 992; x_wconf 85' lang='lat' dir='ltr'><strong>sapientem.</strong></span> <span class='ocrx_word' id='word_1_54' title='bbox 722 931 780 970; x_wconf 91' lang='lat' dir='ltr'>nec</span> <span class='ocrx_word' id='word_1_55' title='bbox 796 911 879 971; x_wconf 92' lang='lat' dir='ltr'>enim</span> <span class='ocrx_word' id='word_1_56' title='bbox 896 910 1005 990; x_wconf 88' lang='lat' dir='ltr'>lapidis</span> <span class='ocrx_word' id='word_1_57' title='bbox 1021 909 1061 970; x_wconf 92' lang='lat' dir='ltr'>illi</span> <span class='ocrx_word' id='word_1_58' title='bbox 1070 910 1215 970; x_wconf 86' lang='lat' dir='ltr'>duritiam</span> <span class='ocrx_word' id='word_1_59' title='bbox 1225 907 1336 970; x_wconf 84' lang='lat' dir='ltr'>lerriue</span> <span class='ocrx_word' id='word_1_60' title='bbox 1350 932 1362 970; x_wconf 84' lang='lat'>5</span> 
     </span>
     <span class='ocr_line' id='line_1_7' title="bbox 141 1016 1335 1097; baseline -0.003 -18"><span class='ocrx_word' id='word_1_61' title='bbox 141 1018 294 1079; x_wconf 81' lang='lat' dir='ltr'>adserimus.</span> <span class='ocrx_word' id='word_1_62' title='bbox 343 1016 427 1078; x_wconf 92' lang='lat' dir='ltr'>nulla</span> <span class='ocrx_word' id='word_1_63' title='bbox 455 1019 549 1078; x_wconf 89' lang='lat' dir='ltr'>uirtus</span> <span class='ocrx_word' id='word_1_64' title='bbox 574 1027 630 1090; x_wconf 88' lang='lat' dir='ltr'>est,</span> <span class='ocrx_word' id='word_1_65' title='bbox 654 1038 735 1097; x_wconf 91' lang='lat' dir='ltr'>quae</span> <span class='ocrx_word' id='word_1_66' title='bbox 759 1038 822 1077; x_wconf 93' lang='lat' dir='ltr'>non</span> <span class='ocrx_word' id='word_1_67' title='bbox 846 1017 961 1077; x_wconf 86' lang='lat' dir='ltr'>sentias</span> <span class='ocrx_word' id='word_1_68' title='bbox 988 1016 1118 1097; x_wconf 86' lang='lat' dir='ltr'>perpeti.</span> <span class='ocrx_word' id='word_1_69' title='bbox 1157 1016 1232 1097; x_wconf 89' lang='lat' dir='ltr'>quid</span> <span class='ocrx_word' id='word_1_70' title='bbox 1257 1035 1335 1094; x_wconf 85' lang='lat' dir='ltr'>ergo</span> 
     </span>
    </p>

    <p class='ocr_par' dir='ltr' id='par_1_4' title="bbox 107 1107 1421 1949">
     <span class='ocr_line' id='line_1_8' title="bbox 107 1107 1337 1205; baseline -0.002 -21"><span class='ocrx_word' id='word_1_71' title='bbox 107 1107 110 1113; x_wconf 38' lang='lat'><strong>¹</strong></span> <span class='ocrx_word' id='word_1_72' title='bbox 142 1128 191 1186; x_wconf 86' lang='lat' dir='ltr'>est?</span> <span class='ocrx_word' id='word_1_73' title='bbox 211 1124 363 1204; x_wconf 90' lang='lat' dir='ltr'>quosdam</span> <span class='ocrx_word' id='word_1_74' title='bbox 380 1124 459 1184; x_wconf 90' lang='lat' dir='ltr'>ictus</span> <span class='ocrx_word' id='word_1_75' title='bbox 475 1125 591 1205; x_wconf 83' lang='lat' dir='ltr'>recipit,</span> <span class='ocrx_word' id='word_1_76' title='bbox 608 1126 665 1184; x_wconf 92' lang='lat' dir='ltr'>sed</span> <span class='ocrx_word' id='word_1_77' title='bbox 682 1133 827 1204; x_wconf 86' lang='lat' dir='ltr'>receptos</span> <span class='ocrx_word' id='word_1_78' title='bbox 837 1124 951 1184; x_wconf 90' lang='lat' dir='ltr'>euincit</span> <span class='ocrx_word' id='word_1_79' title='bbox 967 1131 999 1183; x_wconf 88' lang='lat' dir='ltr'>et</span> <span class='ocrx_word' id='word_1_80' title='bbox 1015 1132 1105 1184; x_wconf 89' lang='lat' dir='ltr'>sanat</span> <span class='ocrx_word' id='word_1_81' title='bbox 1121 1132 1152 1183; x_wconf 92' lang='lat' dir='ltr'>et</span> <span class='ocrx_word' id='word_1_82' title='bbox 1162 1123 1337 1203; x_wconf 88' lang='lat' dir='ltr'>conprimit.</span> 
     </span>
     <span class='ocr_line' id='line_1_9' title="bbox 143 1216 1333 1310; baseline -0.001 -20"><span class='ocrx_word' id='word_1_83' title='bbox 143 1230 200 1290; x_wconf 88' lang='lat' dir='ltr'>haec</span> <span class='ocrx_word' id='word_1_84' title='bbox 219 1251 291 1292; x_wconf 92' lang='lat' dir='ltr'>uero</span> <span class='ocrx_word' id='word_1_85' title='bbox 316 1231 439 1292; x_wconf 90' lang='lat' dir='ltr'>minora</span> <span class='ocrx_word' id='word_1_86' title='bbox 462 1251 502 1291; x_wconf 91' lang='lat' dir='ltr'>ne</span> <span class='ocrx_word' id='word_1_87' title='bbox 517 1231 612 1292; x_wconf 84' lang='lat' dir='ltr'>sentit</span> <span class='ocrx_word' id='word_1_88' title='bbox 628 1231 756 1310; x_wconf 91' lang='lat' dir='ltr'>quidem</span> <span class='ocrx_word' id='word_1_89' title='bbox 780 1251 839 1290; x_wconf 91' lang='lat' dir='ltr'>nec</span> <span class='ocrx_word' id='word_1_90' title='bbox 855 1216 1014 1291; x_wconf 83' lang='lat' dir='ltr'>aduersus¹</span> <span class='ocrx_word' id='word_1_91' title='bbox 1030 1249 1068 1290; x_wconf 91' lang='lat' dir='ltr'>ea</span> <span class='ocrx_word' id='word_1_92' title='bbox 1090 1229 1183 1290; x_wconf 91' lang='lat' dir='ltr'>solita</span> <span class='ocrx_word' id='word_1_93' title='bbox 1206 1229 1257 1290; x_wconf 89' lang='lat' dir='ltr'>illa</span> <span class='ocrx_word' id='word_1_94' title='bbox 1275 1230 1333 1289; x_wconf 91' lang='lat' dir='ltr'>uir-</span> 
     </span>
     <span class='ocr_line' id='line_1_10' title="bbox 144 1336 1421 1417; baseline 0 -21"><span class='ocrx_word' id='word_1_95' title='bbox 144 1346 193 1399; x_wconf 89' lang='lat' dir='ltr'>tute</span> <span class='ocrx_word' id='word_1_96' title='bbox 206 1339 293 1398; x_wconf 88' lang='lat' dir='ltr'>utitur</span> <span class='ocrx_word' id='word_1_97' title='bbox 310 1338 388 1398; x_wconf 89' lang='lat' dir='ltr'>dura</span> <span class='ocrx_word' id='word_1_98' title='bbox 404 1336 568 1411; x_wconf 89' lang='lat' dir='ltr'>tolerandi,</span> <span class='ocrx_word' id='word_1_99' title='bbox 593 1338 650 1398; x_wconf 92' lang='lat' dir='ltr'>sed</span> <span class='ocrx_word' id='word_1_100' title='bbox 667 1347 721 1398; x_wconf 90' lang='lat' dir='ltr'>aut</span> <span class='ocrx_word' id='word_1_101' title='bbox 741 1358 804 1396; x_wconf 89' lang='lat' dir='ltr'>non</span> <span class='ocrx_word' id='word_1_102' title='bbox 822 1338 955 1398; x_wconf 90' lang='lat' dir='ltr'>adnotat</span> <span class='ocrx_word' id='word_1_103' title='bbox 978 1346 1032 1397; x_wconf 92' lang='lat' dir='ltr'>aut</span> <span class='ocrx_word' id='word_1_104' title='bbox 1049 1338 1144 1416; x_wconf 88' lang='lat' dir='ltr'>digna</span> <span class='ocrx_word' id='word_1_105' title='bbox 1161 1337 1221 1396; x_wconf 92' lang='lat' dir='ltr'>risu</span> <span class='ocrx_word' id='word_1_106' title='bbox 1238 1344 1337 1417; x_wconf 91' lang='lat' dir='ltr'>putat.</span> <span class='ocrx_word' id='word_1_107' title='bbox 1419 1382 1421 1384; x_wconf 82' lang='grc'>-</span> 
     </span>
     <span class='ocr_line' id='line_1_11' title="bbox 120 1442 1377 1523; baseline -0.003 -19"><span class='ocrx_word' id='word_1_108' title='bbox 120 1453 126 1503; x_wconf 90' lang='lat' dir='ltr'>l</span> <span class='ocrx_word' id='word_1_109' title='bbox 209 1445 255 1504; x_wconf 85' lang='lat' dir='ltr'>Xl.</span> <span class='ocrx_word' id='word_1_110' title='bbox 286 1443 453 1504; x_wconf 90' lang='lat' dir='ltr'>Praeterea</span> <span class='ocrx_word' id='word_1_111' title='bbox 485 1465 556 1504; x_wconf 92' lang='lat' dir='ltr'>cum</span> <span class='ocrx_word' id='word_1_112' title='bbox 588 1464 738 1523; x_wconf 86' lang='lat' dir='ltr'>magnam</span> <span class='ocrx_word' id='word_1_113' title='bbox 770 1451 892 1522; x_wconf 89' lang='lat' dir='ltr'>partem</span> <span class='ocrx_word' id='word_1_114' title='bbox 926 1442 1186 1504; x_wconf 89' lang='lat' dir='ltr'>contumeliarum</span> <span class='ocrx_word' id='word_1_115' title='bbox 1210 1442 1336 1523; x_wconf 87' lang='lat' dir='ltr'>superbi</span> <span class='ocrx_word' id='word_1_116' title='bbox 1354 1461 1377 1500; x_wconf 83' lang='lat' dir='ltr'>u</span> 
     </span>
     <span class='ocr_line' id='line_1_12' title="bbox 143 1549 1337 1634; baseline 0 -25"><span class='ocrx_word' id='word_1_117' title='bbox 143 1549 346 1630; x_wconf 88' lang='lat' dir='ltr'>insolentesque</span> <span class='ocrx_word' id='word_1_118' title='bbox 368 1551 482 1612; x_wconf 84' lang='lat' dir='ltr'>faciant</span> <span class='ocrx_word' id='word_1_119' title='bbox 506 1560 546 1634; x_wconf 12' lang='lat' dir='ltr'>et*</span> <span class='ocrx_word' id='word_1_120' title='bbox 562 1549 644 1611; x_wconf 94' lang='lat' dir='ltr'>male</span> <span class='ocrx_word' id='word_1_121' title='bbox 667 1549 845 1611; x_wconf 78' lang='lat' dir='ltr'>felicitatem</span> <span class='ocrx_word' id='word_1_122' title='bbox 870 1550 1019 1623; x_wconf 86' lang='lat' dir='ltr'>serentes,</span> <span class='ocrx_word' id='word_1_123' title='bbox 1044 1549 1141 1610; x_wconf 90' lang='lat' dir='ltr'>habet</span> <span class='ocrx_word' id='word_1_124' title='bbox 1164 1570 1228 1629; x_wconf 89' lang='lat' dir='ltr'>quo</span> <span class='ocrx_word' id='word_1_125' title='bbox 1252 1549 1337 1609; x_wconf 92' lang='lat' dir='ltr'>illum</span> 
     </span>
     <span class='ocr_line' id='line_1_13' title="bbox 143 1653 1338 1736; baseline 0.001 -22"><span class='ocrx_word' id='word_1_126' title='bbox 143 1653 272 1717; x_wconf 84' lang='lat' dir='ltr'>adiectum</span> <span class='ocrx_word' id='word_1_127' title='bbox 297 1655 439 1717; x_wconf 88' lang='lat' dir='ltr'>inflatum</span> <span class='ocrx_word' id='word_1_128' title='bbox 464 1667 598 1736; x_wconf 88' lang='lat' dir='ltr'>respuat,</span> <span class='ocrx_word' id='word_1_129' title='bbox 624 1655 866 1736; x_wconf 79' lang='lat' dir='ltr'>pulcherrimam</span> <span class='ocrx_word' id='word_1_130' title='bbox 890 1657 1038 1717; x_wconf 90' lang='lat' dir='ltr'>uirtutem</span> <span class='ocrx_word' id='word_1_131' title='bbox 1055 1656 1196 1717; x_wconf 91' lang='lat' dir='ltr'>omnium</span> <span class='ocrx_word' id='word_1_132' title='bbox 1215 1655 1338 1734; x_wconf 57' lang='lat' dir='ltr'>{animi}</span> 
     </span>
     <span class='ocr_line' id='line_1_14' title="bbox 143 1762 1338 1842; baseline 0 -20"><span class='ocrx_word' id='word_1_133' title='bbox 143 1764 423 1841; x_wconf 83' lang='lat' dir='ltr'>magnanimitatem:</span> <span class='ocrx_word' id='word_1_134' title='bbox 454 1762 513 1836; x_wconf 89' lang='lat' dir='ltr'>illa,</span> <span class='ocrx_word' id='word_1_135' title='bbox 536 1763 690 1842; x_wconf 88' lang='lat' dir='ltr'>quidquid</span> <span class='ocrx_word' id='word_1_136' title='bbox 714 1763 867 1823; x_wconf 91' lang='lat' dir='ltr'>eiusmodi</span> <span class='ocrx_word' id='word_1_137' title='bbox 891 1771 951 1836; x_wconf 88' lang='lat' dir='ltr'>est,</span> <span class='ocrx_word' id='word_1_138' title='bbox 980 1764 1161 1823; x_wconf 87' lang='lat' dir='ltr'>transcurrit</span> <span class='ocrx_word' id='word_1_139' title='bbox 1185 1771 1219 1823; x_wconf 92' lang='lat' dir='ltr'>ut</span> <span class='ocrx_word' id='word_1_140' title='bbox 1243 1782 1338 1822; x_wconf 90' lang='lat' dir='ltr'>uanas</span> 
     </span>
     <span class='ocr_line' id='line_1_15' title="bbox 143 1867 1340 1949; baseline 0.002 -22"><span class='ocrx_word' id='word_1_141' title='bbox 143 1869 235 1946; x_wconf 90' lang='lat' dir='ltr'>species</span> <span class='ocrx_word' id='word_1_142' title='bbox 262 1869 460 1930; x_wconf 92' lang='lat' dir='ltr'>somniorum</span> <span class='ocrx_word' id='word_1_143' title='bbox 489 1869 635 1949; x_wconf 92' lang='lat' dir='ltr'>uisusque</span> <span class='ocrx_word' id='word_1_144' title='bbox 666 1879 838 1929; x_wconf 87' lang='lat' dir='ltr'>nocturnos</span> <span class='ocrx_word' id='word_1_145' title='bbox 861 1867 935 1928; x_wconf 90' lang='lat' dir='ltr'>nihil</span> <span class='ocrx_word' id='word_1_146' title='bbox 959 1869 1103 1930; x_wconf 91' lang='lat' dir='ltr'>habentis</span> <span class='ocrx_word' id='word_1_147' title='bbox 1132 1867 1222 1929; x_wconf 92' lang='lat' dir='ltr'>solidi</span> <span class='ocrx_word' id='word_1_148' title='bbox 1246 1877 1340 1948; x_wconf 77' lang='lat' dir='ltr'>atque</span> 
     </span>
    </p>

    <p class='ocr_par' dir='ltr' id='par_1_5' title="bbox 112 1964 1466 2802">
     <span class='ocr_line' id='line_1_16' title="bbox 112 1964 1466 2055; baseline 0.002 -24"><span class='ocrx_word' id='word_1_149' title='bbox 112 1974 198 2036; x_wconf 85' lang='lat' dir='ltr'>2ueri.</span> <span class='ocrx_word' id='word_1_150' title='bbox 239 1974 329 2036; x_wconf 90' lang='lat' dir='ltr'>simul</span> <span class='ocrx_word' id='word_1_151' title='bbox 352 1974 428 2037; x_wconf 92' lang='lat' dir='ltr'>illud</span> <span class='ocrx_word' id='word_1_152' title='bbox 451 1977 577 2055; x_wconf 82' lang='lat' dir='ltr'>cogitat,</span> <span class='ocrx_word' id='word_1_153' title='bbox 602 1995 713 2036; x_wconf 93' lang='lat' dir='ltr'>omnes</span> <span class='ocrx_word' id='word_1_154' title='bbox 737 1974 896 2036; x_wconf 81' lang='lat' dir='ltr'>inferiores</span> <span class='ocrx_word' id='word_1_155' title='bbox 920 1996 1001 2048; x_wconf 89' lang='lat' dir='ltr'>esse,</span> <span class='ocrx_word' id='word_1_156' title='bbox 1024 1996 1121 2055; x_wconf 89' lang='lat' dir='ltr'>quam</span> <span class='ocrx_word' id='word_1_157' title='bbox 1145 1984 1179 2037; x_wconf 90' lang='lat' dir='ltr'>ut</span> <span class='ocrx_word' id='word_1_158' title='bbox 1202 1964 1337 2036; x_wconf 57' lang='lat' dir='ltr'>illis&#39;au·</span> <span class='ocrx_word' id='word_1_159' title='bbox 1355 1996 1377 2035; x_wconf 82' lang='lat' dir='ltr'>u</span> <span class='ocrx_word' id='word_1_160' title='bbox 1462 2027 1466 2034; x_wconf 94' lang='lat'>.</span> 
     </span>
     <span class='ocr_line' id='line_1_17' title="bbox 143 2075 1340 2162; baseline 0.005 -25"><span class='ocrx_word' id='word_1_161' title='bbox 143 2079 212 2140; x_wconf 90' lang='lat' dir='ltr'>dacia</span> <span class='ocrx_word' id='word_1_162' title='bbox 231 2083 266 2143; x_wconf 93' lang='lat' dir='ltr'>sit</span> <span class='ocrx_word' id='word_1_163' title='bbox 289 2091 381 2143; x_wconf 89' lang='lat' dir='ltr'>tanto</span> <span class='ocrx_word' id='word_1_164' title='bbox 404 2081 580 2143; x_wconf 89' lang='lat' dir='ltr'>excelsiora</span> <span class='ocrx_word' id='word_1_165' title='bbox 595 2083 764 2162; x_wconf 89' lang='lat' dir='ltr'>despicere.</span> <span class='ocrx_word' id='word_1_166' title='bbox 808 2075 999 2145; x_wconf 89' lang='lat' dir='ltr'>contumelia</span> <span class='ocrx_word' id='word_1_167' title='bbox 1019 2089 1239 2162; x_wconf 91' lang='lat' dir='ltr'>acontemptu</span> <span class='ocrx_word' id='word_1_168' title='bbox 1256 2083 1340 2143; x_wconf 88' lang='lat' dir='ltr'>dicta</span> 
     </span>
     <span class='ocr_line' id='line_1_18' title="bbox 142 2187 1339 2270; baseline 0.004 -27"><span class='ocrx_word' id='word_1_169' title='bbox 142 2191 187 2257; x_wconf 87' lang='lat' dir='ltr'>est,</span> <span class='ocrx_word' id='word_1_170' title='bbox 214 2189 278 2266; x_wconf 89' lang='lat' dir='ltr'>quia</span> <span class='ocrx_word' id='word_1_171' title='bbox 307 2209 405 2249; x_wconf 92' lang='lat' dir='ltr'>nemo</span> <span class='ocrx_word' id='word_1_172' title='bbox 436 2189 492 2248; x_wconf 89' lang='lat' dir='ltr'>nisi</span> <span class='ocrx_word' id='word_1_173' title='bbox 525 2209 620 2267; x_wconf 90' lang='lat' dir='ltr'>quem</span> <span class='ocrx_word' id='word_1_174' title='bbox 652 2189 854 2270; x_wconf 84' lang='lat' dir='ltr'>contempsit,</span> <span class='ocrx_word' id='word_1_175' title='bbox 886 2187 939 2249; x_wconf 90' lang='lat' dir='ltr'>tali</span> <span class='ocrx_word' id='word_1_176' title='bbox 970 2189 1076 2249; x_wconf 89' lang='lat' dir='ltr'>iniuria</span> <span class='ocrx_word' id='word_1_177' title='bbox 1099 2197 1196 2250; x_wconf 87' lang='lat' dir='ltr'>notat.</span> <span class='ocrx_word' id='word_1_178' title='bbox 1244 2204 1339 2254; x_wconf 82' lang='lat' dir='ltr'>nemo</span> 
     </span>
     <span class='ocr_line' id='line_1_19' title="bbox 142 2289 1338 2375; baseline 0.004 -27"><span class='ocrx_word' id='word_1_179' title='bbox 142 2298 223 2354; x_wconf 90' lang='lat' dir='ltr'>autem</span> <span class='ocrx_word' id='word_1_180' title='bbox 258 2295 411 2356; x_wconf 92' lang='lat' dir='ltr'>maiorem</span> <span class='ocrx_word' id='word_1_181' title='bbox 443 2294 671 2374; x_wconf 92' lang='lat' dir='ltr'>melioremque</span> <span class='ocrx_word' id='word_1_182' title='bbox 704 2296 892 2369; x_wconf 84' lang='lat' dir='ltr'>contemnit,</span> <span class='ocrx_word' id='word_1_183' title='bbox 930 2297 1025 2356; x_wconf 88' lang='lat' dir='ltr'>etiam</span> <span class='ocrx_word' id='word_1_184' title='bbox 1047 2289 1081 2356; x_wconf 83' lang='lat' dir='ltr'>&#39;si</span> <span class='ocrx_word' id='word_1_185' title='bbox 1112 2295 1184 2356; x_wconf 83' lang='lat' dir='ltr'>lacit</span> <span class='ocrx_word' id='word_1_186' title='bbox 1216 2295 1338 2375; x_wconf 90' lang='lat' dir='ltr'>aliquid,</span> 
     </span>
     <span class='ocr_line' id='line_1_20' title="bbox 142 2399 1340 2482; baseline 0.007 -28"><span class='ocrx_word' id='word_1_187' title='bbox 142 2399 208 2473; x_wconf 90' lang='lat' dir='ltr'>quod</span> <span class='ocrx_word' id='word_1_188' title='bbox 228 2409 464 2462; x_wconf 90' lang='lat' dir='ltr'>contemnentes</span> <span class='ocrx_word' id='word_1_189' title='bbox 488 2400 609 2462; x_wconf 90' lang='lat' dir='ltr'>solent:</span> <span class='ocrx_word' id='word_1_190' title='bbox 651 2421 725 2462; x_wconf 93' lang='lat' dir='ltr'>nam</span> <span class='ocrx_word' id='word_1_191' title='bbox 750 2411 782 2462; x_wconf 89' lang='lat' dir='ltr'>et</span> <span class='ocrx_word' id='word_1_192' title='bbox 805 2403 893 2482; x_wconf 89' lang='lat' dir='ltr'>pueri</span> <span class='ocrx_word' id='word_1_193' title='bbox 916 2423 953 2462; x_wconf 90' lang='lat' dir='ltr'>os</span> <span class='ocrx_word' id='word_1_194' title='bbox 975 2403 1151 2482; x_wconf 88' lang='lat' dir='ltr'>parentium</span> <span class='ocrx_word' id='word_1_195' title='bbox 1174 2401 1287 2463; x_wconf 82' lang='lat' dir='ltr'>feriunt</span> <span class='ocrx_word' id='word_1_196' title='bbox 1308 2410 1340 2462; x_wconf 93' lang='lat' dir='ltr'>et</span> 
     </span>
     <span class='ocr_line' id='line_1_21' title="bbox 143 2501 1380 2589; baseline 0.007 -30"><span class='ocrx_word' id='word_1_197' title='bbox 143 2501 219 2566; x_wconf 89' lang='lat' dir='ltr'>crines</span> <span class='ocrx_word' id='word_1_198' title='bbox 242 2508 349 2568; x_wconf 92' lang='lat' dir='ltr'>matris</span> <span class='ocrx_word' id='word_1_199' title='bbox 377 2508 515 2568; x_wconf 90' lang='lat' dir='ltr'>turbauit</span> <span class='ocrx_word' id='word_1_200' title='bbox 547 2506 758 2588; x_wconf 90' lang='lat' dir='ltr'>lacerauitque</span> <span class='ocrx_word' id='word_1_201' title='bbox 790 2507 889 2570; x_wconf 84' lang='lat' dir='ltr'>infans</span> <span class='ocrx_word' id='word_1_202' title='bbox 920 2519 952 2570; x_wconf 91' lang='lat' dir='ltr'>et</span> <span class='ocrx_word' id='word_1_203' title='bbox 982 2517 1076 2589; x_wconf 90' lang='lat' dir='ltr'>sputo</span> <span class='ocrx_word' id='word_1_204' title='bbox 1109 2509 1263 2588; x_wconf 87' lang='lat' dir='ltr'>adspersit</span> <span class='ocrx_word' id='word_1_205' title='bbox 1286 2517 1341 2569; x_wconf 88' lang='lat' dir='ltr'>aut</span> <span class='ocrx_word' id='word_1_206' title='bbox 1355 2529 1380 2568; x_wconf 78' lang='lat' dir='ltr'>ao</span> 
     </span>
     <span class='ocr_line' id='line_1_22' title="bbox 144 2609 1342 2694; baseline 0.008 -29"><span class='ocrx_word' id='word_1_207' title='bbox 144 2609 245 2674; x_wconf 88' lang='lat' dir='ltr'>nudauit</span> <span class='ocrx_word' id='word_1_208' title='bbox 266 2615 296 2674; x_wconf 91' lang='lat' dir='ltr'>in</span> <span class='ocrx_word' id='word_1_209' title='bbox 320 2624 493 2694; x_wconf 88' lang='lat' dir='ltr'>conspectu</span> <span class='ocrx_word' id='word_1_210' title='bbox 517 2635 648 2674; x_wconf 90' lang='lat' dir='ltr'>suorum</span> <span class='ocrx_word' id='word_1_211' title='bbox 672 2617 812 2694; x_wconf 86' lang='lat' dir='ltr'>tegenda</span> <span class='ocrx_word' id='word_1_212' title='bbox 835 2624 866 2677; x_wconf 91' lang='lat' dir='ltr'>et</span> <span class='ocrx_word' id='word_1_213' title='bbox 890 2615 994 2676; x_wconf 87' lang='lat' dir='ltr'>uerbis</span> <span class='ocrx_word' id='word_1_214' title='bbox 1019 2615 1254 2676; x_wconf 88' lang='lat' dir='ltr'>obscenioribus</span> <span class='ocrx_word' id='word_1_215' title='bbox 1277 2635 1342 2676; x_wconf 94' lang='lat' dir='ltr'>non</span> 
     </span>
     <span class='ocr_line' id='line_1_23' title="bbox 144 2719 1342 2802; baseline 0.007 -29"><span class='ocrx_word' id='word_1_216' title='bbox 144 2721 262 2793; x_wconf 90' lang='lat' dir='ltr'>pepercit.</span> <span class='ocrx_word' id='word_1_217' title='bbox 308 2729 341 2780; x_wconf 88' lang='lat' dir='ltr'>et</span> <span class='ocrx_word' id='word_1_218' title='bbox 370 2719 443 2780; x_wconf 90' lang='lat' dir='ltr'>nihil</span> <span class='ocrx_word' id='word_1_219' title='bbox 467 2719 581 2782; x_wconf 93' lang='lat' dir='ltr'>horum</span> <span class='ocrx_word' id='word_1_220' title='bbox 608 2722 840 2782; x_wconf 89' lang='lat' dir='ltr'>contumeliam</span> <span class='ocrx_word' id='word_1_221' title='bbox 856 2721 996 2784; x_wconf 87' lang='lat' dir='ltr'>dicimus.</span> <span class='ocrx_word' id='word_1_222' title='bbox 1042 2725 1155 2802; x_wconf 88' lang='lat' dir='ltr'>quare?</span> <span class='ocrx_word' id='word_1_223' title='bbox 1194 2723 1266 2802; x_wconf 91' lang='lat' dir='ltr'>quia</span> <span class='ocrx_word' id='word_1_224' title='bbox 1289 2722 1342 2801; x_wconf 91' lang='lat' dir='ltr'>qui</span> 
     </span>
    </p>

    <p class='ocr_par' dir='ltr' id='par_1_6' title="bbox 114 2816 1382 3547">
     <span class='ocr_line' id='line_1_24' title="bbox 114 2816 1341 2908; baseline 0.011 -32"><span class='ocrx_word' id='word_1_225' title='bbox 114 2816 206 2894; x_wconf 86' lang='lat' dir='ltr'>3lecit,</span> <span class='ocrx_word' id='word_1_226' title='bbox 219 2835 417 2888; x_wconf 90' lang='lat' dir='ltr'>contemnere</span> <span class='ocrx_word' id='word_1_227' title='bbox 432 2847 497 2887; x_wconf 92' lang='lat' dir='ltr'>non</span> <span class='ocrx_word' id='word_1_228' title='bbox 512 2835 627 2907; x_wconf 91' lang='lat' dir='ltr'>potest.</span> <span class='ocrx_word' id='word_1_229' title='bbox 660 2829 772 2889; x_wconf 88' lang='lat' dir='ltr'>eadem</span> <span class='ocrx_word' id='word_1_230' title='bbox 790 2848 884 2890; x_wconf 90' lang='lat' dir='ltr'>causa</span> <span class='ocrx_word' id='word_1_231' title='bbox 900 2837 956 2902; x_wconf 91' lang='lat' dir='ltr'>est,</span> <span class='ocrx_word' id='word_1_232' title='bbox 972 2849 1026 2890; x_wconf 87' lang='lat' dir='ltr'>cur</span> <span class='ocrx_word' id='word_1_233' title='bbox 1042 2849 1100 2890; x_wconf 92' lang='lat' dir='ltr'>nos</span> <span class='ocrx_word' id='word_1_234' title='bbox 1117 2829 1341 2908; x_wconf 90' lang='lat' dir='ltr'>mancipiorum</span> 
     </span>
     <span class='ocr_line' id='line_1_25' title="bbox 146 2933 1341 3014; baseline 0.009 -32"><span class='ocrx_word' id='word_1_235' title='bbox 146 2937 296 2994; x_wconf 88' lang='lat' dir='ltr'>nostrorum</span> <span class='ocrx_word' id='word_1_236' title='bbox 337 2933 496 2994; x_wconf 91' lang='lat' dir='ltr'>urbanitas</span> <span class='ocrx_word' id='word_1_237' title='bbox 532 2933 563 2994; x_wconf 93' lang='lat' dir='ltr'>in</span> <span class='ocrx_word' id='word_1_238' title='bbox 600 2935 747 2995; x_wconf 93' lang='lat' dir='ltr'>dominos</span> <span class='ocrx_word' id='word_1_239' title='bbox 778 2935 1007 2996; x_wconf 89' lang='lat' dir='ltr'>contumeliosa</span> <span class='ocrx_word' id='word_1_240' title='bbox 1031 2935 1176 3008; x_wconf 87' lang='lat' dir='ltr'>delectet,</span> <span class='ocrx_word' id='word_1_241' title='bbox 1206 2955 1341 3014; x_wconf 88' lang='lat' dir='ltr'>quorum</span> 
     </span>
     <span class='ocr_line' id='line_1_26' title="bbox 147 3033 1382 3121; baseline 0.006 -28"><span class='ocrx_word' id='word_1_242' title='bbox 147 3033 248 3098; x_wconf 81' lang='lat' dir='ltr'>audacia</span> <span class='ocrx_word' id='word_1_243' title='bbox 270 3034 322 3100; x_wconf 84' lang='lat' dir='ltr'>ita</span> <span class='ocrx_word' id='word_1_244' title='bbox 337 3041 466 3101; x_wconf 92' lang='lat' dir='ltr'>demum</span> <span class='ocrx_word' id='word_1_245' title='bbox 489 3040 548 3100; x_wconf 92' lang='lat' dir='ltr'>sibi</span> <span class='ocrx_word' id='word_1_246' title='bbox 571 3041 603 3100; x_wconf 90' lang='lat' dir='ltr'>in</span> <span class='ocrx_word' id='word_1_247' title='bbox 626 3042 775 3101; x_wconf 93' lang='lat' dir='ltr'>conuiuas</span> <span class='ocrx_word' id='word_1_248' title='bbox 797 3042 843 3103; x_wconf 92' lang='lat' dir='ltr'>ius</span> <span class='ocrx_word' id='word_1_249' title='bbox 866 3040 952 3114; x_wconf 83' lang='lat' dir='ltr'>lacit,</span> <span class='ocrx_word' id='word_1_250' title='bbox 983 3040 1009 3101; x_wconf 93' lang='lat' dir='ltr'>si</span> <span class='ocrx_word' id='word_1_251' title='bbox 1032 3042 1136 3121; x_wconf 89' lang='lat' dir='ltr'>coepit</span> <span class='ocrx_word' id='word_1_252' title='bbox 1160 3062 1179 3101; x_wconf 92' lang='lat' dir='ltr'>a</span> <span class='ocrx_word' id='word_1_253' title='bbox 1203 3041 1342 3102; x_wconf 85' lang='lat' dir='ltr'>domino,</span> <span class='ocrx_word' id='word_1_254' title='bbox 1356 3062 1382 3101; x_wconf 77' lang='lat' dir='ltr'>as</span> 
     </span>
     <span class='ocr_line' id='line_1_27' title="bbox 147 3143 1343 3227; baseline 0.006 -27"><span class='ocrx_word' id='word_1_255' title='bbox 147 3143 170 3196; x_wconf 78' lang='lat' dir='ltr'>et</span> <span class='ocrx_word' id='word_1_256' title='bbox 194 3151 221 3203; x_wconf 92' lang='lat' dir='ltr'>ut</span> <span class='ocrx_word' id='word_1_257' title='bbox 245 3147 376 3225; x_wconf 90' lang='lat' dir='ltr'>quisque</span> <span class='ocrx_word' id='word_1_258' title='bbox 408 3147 695 3227; x_wconf 89' lang='lat' dir='ltr'>contemptissimus</span> <span class='ocrx_word' id='word_1_259' title='bbox 727 3157 759 3208; x_wconf 89' lang='lat' dir='ltr'>et</span> <span class='ocrx_word' id='word_1_260' title='bbox 791 3156 824 3209; x_wconf 91' lang='lat' dir='ltr'>ut</span> <span class='ocrx_word' id='word_1_261' title='bbox 857 3147 996 3210; x_wconf 90' lang='lat' dir='ltr'>ludibrio·</span> <span class='ocrx_word' id='word_1_262' title='bbox 1025 3148 1165 3208; x_wconf 86' lang='lat' dir='ltr'>maxime</span> <span class='ocrx_word' id='word_1_263' title='bbox 1196 3156 1259 3221; x_wconf 88' lang='lat' dir='ltr'>est,</span> <span class='ocrx_word' id='word_1_264' title='bbox 1299 3148 1343 3208; x_wconf 90' lang='lat' dir='ltr'>ita</span> 
     </span>
     <span class='ocr_line' id='line_1_28' title="bbox 150 3242 1349 3334; baseline 0.009 -35"><span class='ocrx_word' id='word_1_265' title='bbox 150 3242 328 3314; x_wconf 86' lang='lat' dir='ltr'>solutissimae</span> <span class='ocrx_word' id='word_1_266' title='bbox 352 3251 477 3332; x_wconf 83' lang='lat' dir='ltr'>linguae</span> <span class='ocrx_word' id='word_1_267' title='bbox 502 3260 558 3314; x_wconf 91' lang='lat' dir='ltr'>est.</span> <span class='ocrx_word' id='word_1_268' title='bbox 595 3274 711 3333; x_wconf 91' lang='lat' dir='ltr'>pueros</span> <span class='ocrx_word' id='word_1_269' title='bbox 726 3254 856 3334; x_wconf 88' lang='lat' dir='ltr'>quidam</span> <span class='ocrx_word' id='word_1_270' title='bbox 873 3253 903 3314; x_wconf 93' lang='lat' dir='ltr'>in</span> <span class='ocrx_word' id='word_1_271' title='bbox 918 3254 980 3315; x_wconf 87' lang='lat' dir='ltr'>hoc</span> <span class='ocrx_word' id='word_1_272' title='bbox 997 3264 1175 3316; x_wconf 88' lang='lat' dir='ltr'>mercantur</span> <span class='ocrx_word' id='word_1_273' title='bbox 1190 3274 1349 3334; x_wconf 61' lang='lat' dir='ltr'>procaces,</span> 
     </span>
     <span class='ocr_line' id='line_1_29' title="bbox 148 3351 1344 3442; baseline 0.009 -32"><span class='ocrx_word' id='word_1_274' title='bbox 148 3356 171 3407; x_wconf 77' lang='lat' dir='ltr'>et</span> <span class='ocrx_word' id='word_1_275' title='bbox 188 3351 296 3420; x_wconf 91' lang='lat' dir='ltr'>illorum</span> <span class='ocrx_word' id='word_1_276' title='bbox 320 3359 538 3439; x_wconf 89' lang='lat' dir='ltr'>inpudentiam</span> <span class='ocrx_word' id='word_1_277' title='bbox 562 3369 677 3422; x_wconf 90' lang='lat' dir='ltr'>acuunt</span> <span class='ocrx_word' id='word_1_278' title='bbox 702 3381 737 3421; x_wconf 90' lang='lat' dir='ltr'>ac</span> <span class='ocrx_word' id='word_1_279' title='bbox 760 3360 819 3420; x_wconf 93' lang='lat' dir='ltr'>sub</span> <span class='ocrx_word' id='word_1_280' title='bbox 836 3361 989 3439; x_wconf 86' lang='lat' dir='ltr'>magistro</span> <span class='ocrx_word' id='word_1_281' title='bbox 1007 3360 1135 3435; x_wconf 92' lang='lat' dir='ltr'>habent,</span> <span class='ocrx_word' id='word_1_282' title='bbox 1158 3362 1210 3442; x_wconf 90' lang='lat' dir='ltr'>qui</span> <span class='ocrx_word' id='word_1_283' title='bbox 1226 3360 1344 3441; x_wconf 90' lang='lat' dir='ltr'>probra</span> 
     </span>
     <span class='ocr_line' id='line_1_30' title="bbox 148 3459 1340 3547; baseline 0.008 -29"><span class='ocrx_word' id='word_1_284' title='bbox 148 3459 269 3526; x_wconf 84' lang='lat' dir='ltr'>meditate</span> <span class='ocrx_word' id='word_1_285' title='bbox 301 3465 481 3538; x_wconf 87' lang='lat' dir='ltr'>effundant,</span> <span class='ocrx_word' id='word_1_286' title='bbox 513 3485 571 3526; x_wconf 91' lang='lat' dir='ltr'>nec</span> <span class='ocrx_word' id='word_1_287' title='bbox 595 3465 651 3527; x_wconf 90' lang='lat' dir='ltr'>has</span> <span class='ocrx_word' id='word_1_288' title='bbox 675 3467 882 3528; x_wconf 89' lang='lat' dir='ltr'>contumelias</span> <span class='ocrx_word' id='word_1_289' title='bbox 906 3487 1070 3542; x_wconf 88' lang='lat' dir='ltr'>uocamus,</span> <span class='ocrx_word' id='word_1_290' title='bbox 1102 3469 1160 3529; x_wconf 90' lang='lat' dir='ltr'>sed</span> <span class='ocrx_word' id='word_1_291' title='bbox 1183 3467 1340 3547; x_wconf 88' lang='lat' dir='ltr'>argutias:</span> 
     </span>
    </p>
   </div>
   <div class='ocr_carea' id='block_1_3' title="bbox 147 3692 1397 4084">
    <p class='ocr_par' dir='ltr' id='par_1_7' title="bbox 147 3692 1397 4084">
     <span class='ocr_line' id='line_1_31' title="bbox 269 3692 609 3716; baseline 0.018 -6"><span class='ocrx_word' id='word_1_292' title='bbox 269 3704 283 3710; x_wconf 85' lang='lat'>-</span> <span class='ocrx_word' id='word_1_293' title='bbox 599 3692 609 3716; x_wconf 89' lang='lat' dir='ltr'>S</span> 
     </span>
     <span class='ocr_line' id='line_1_32' title="bbox 149 3698 1397 3798; baseline 0.01 -30"><span class='ocrx_word' id='word_1_294' title='bbox 149 3698 284 3780; x_wconf 60' lang='lat' dir='ltr'>‘lsentitqde</span> <span class='ocrx_word' id='word_1_295' title='bbox 373 3732 388 3782; x_wconf 75' lang='grc' dir='ltr'>ἵ)</span> <span class='ocrx_word' id='word_1_296' title='bbox 410 3727 457 3796; x_wconf 63' lang='lat' dir='ltr'>illi}</span> <span class='ocrx_word' id='word_1_297' title='bbox 551 3733 566 3784; x_wconf 84' lang='grc'><strong>6</strong></span> <span class='ocrx_word' id='word_1_298' title='bbox 586 3734 720 3798; x_wconf 85' lang='lat' dir='ltr'>adserimus</span> <span class='ocrx_word' id='word_1_299' title='bbox 810 3734 899 3780; x_wconf 88' lang='lat' dir='ltr'>sentias</span> <span class='ocrx_word' id='word_1_300' title='bbox 919 3718 973 3783; x_wconf 64' lang='lat' dir='ltr'>Es:</span> <span class='ocrx_word' id='word_1_301' title='bbox 995 3733 1082 3780; x_wconf 88' lang='lat' dir='ltr'>sentiat</span> <span class='ocrx_word' id='word_1_302' title='bbox 1167 3732 1181 3784; x_wconf 70' lang='lat' dir='ltr'>T</span> <span class='ocrx_word' id='word_1_303' title='bbox 1201 3733 1344 3796; x_wconf 90' lang='lat' dir='ltr'>comprimit</span> <span class='ocrx_word' id='word_1_304' title='bbox 1395 3728 1397 3733; x_wconf 70' lang='grc'><strong>’</strong></span> 
     </span>
     <span class='ocr_line' id='line_1_33' title="bbox 211 3834 1343 3910; baseline 0.007 -26"><span class='ocrx_word' id='word_1_305' title='bbox 211 3834 237 3886; x_wconf 87' lang='lat' dir='ltr'>lll</span> <span class='ocrx_word' id='word_1_306' title='bbox 253 3840 364 3887; x_wconf 85' lang='lat' dir='ltr'>Preterea</span> <span class='ocrx_word' id='word_1_307' title='bbox 454 3840 480 3890; x_wconf 94' lang='lat' dir='ltr'>ll</span> <span class='ocrx_word' id='word_1_308' title='bbox 502 3834 532 3904; x_wconf 90' lang='lat' dir='ltr'>q0</span> <span class='ocrx_word' id='word_1_309' title='bbox 549 3841 594 3891; x_wconf 75' lang='lat' dir='ltr'>illst</span> <span class='ocrx_word' id='word_1_310' title='bbox 609 3841 700 3891; x_wconf 80' lang='lat' dir='ltr'>affectu</span> <span class='ocrx_word' id='word_1_311' title='bbox 714 3838 783 3901; x_wconf 81' lang='lat' dir='ltr'>cod,</span> <span class='ocrx_word' id='word_1_312' title='bbox 797 3838 858 3890; x_wconf 80' lang='lat' dir='ltr'>dem</span> <span class='ocrx_word' id='word_1_313' title='bbox 872 3835 1004 3910; x_wconf 57' lang='lat' dir='ltr'>Muretus,</span> <span class='ocrx_word' id='word_1_314' title='bbox 1023 3836 1106 3906; x_wconf 71' lang='lat' dir='ltr'>urelpo</span> <span class='ocrx_word' id='word_1_315' title='bbox 1120 3840 1191 3886; x_wconf 85' lang='lat' dir='ltr'>istum</span> <span class='ocrx_word' id='word_1_316' title='bbox 1205 3837 1242 3905; x_wconf 81' lang='lat' dir='ltr'>(in</span> <span class='ocrx_word' id='word_1_317' title='bbox 1256 3854 1343 3907; x_wconf 67' lang='lat' dir='ltr'>marg.</span> 
     </span>
     <span class='ocr_line' id='line_1_34' title="bbox 149 3907 1343 3992; baseline 0.008 -28"><span class='ocrx_word' id='word_1_318' title='bbox 149 3907 317 3977; x_wconf 73' lang='lat' dir='ltr'>q⁰ills1affects1</span> <span class='ocrx_word' id='word_1_319' title='bbox 336 3929 400 3979; x_wconf 52' lang='lat' dir='ltr'>md</span> <span class='ocrx_word' id='word_1_320' title='bbox 421 3926 539 3992; x_wconf 75' lang='lat' dir='ltr'>deradit)</span> <span class='ocrx_word' id='word_1_321' title='bbox 654 3926 682 3977; x_wconf 75' lang='lat'>12</span> <span class='ocrx_word' id='word_1_322' title='bbox 703 3925 812 3992; x_wconf 85' lang='lat' dir='ltr'>[animi],</span> <span class='ocrx_word' id='word_1_323' title='bbox 839 3925 1069 3987; x_wconf 86' lang='lat' dir='ltr'>magnanimitatem</span> <span class='ocrx_word' id='word_1_324' title='bbox 1090 3922 1198 3976; x_wconf 77' lang='lat' dir='ltr'>Haase:</span> <span class='ocrx_word' id='word_1_325' title='bbox 1221 3925 1297 3972; x_wconf 89' lang='lat' dir='ltr'>animi</span> <span class='ocrx_word' id='word_1_326' title='bbox 1316 3923 1343 3974; x_wconf 72' lang='lat' dir='ltr'>in</span> 
     </span>
     <span class='ocr_line' id='line_1_35' title="bbox 147 3997 1343 4084; baseline -0.001 -21"><span class='ocrx_word' id='word_1_327' title='bbox 147 3999 187 4064; x_wconf 66' lang='lat' dir='ltr'>file</span> <span class='ocrx_word' id='word_1_328' title='bbox 204 4026 306 4076; x_wconf 55' lang='lat' dir='ltr'>aarum</span> <span class='ocrx_word' id='word_1_329' title='bbox 331 4031 417 4084; x_wconf 75' lang='lat' dir='ltr'>supra</span> <span class='ocrx_word' id='word_1_330' title='bbox 443 4030 552 4067; x_wconf 77' lang='lat' dir='ltr'>uersum</span> <span class='ocrx_word' id='word_1_331' title='bbox 577 4029 732 4067; x_wconf 74' lang='lat' dir='ltr'>excurrens</span> <span class='ocrx_word' id='word_1_332' title='bbox 756 4030 790 4067; x_wconf 83' lang='lat' dir='ltr'>ru.</span> <span class='ocrx_word' id='word_1_333' title='bbox 817 4029 870 4064; x_wconf 81' lang='lat' dir='ltr'>rec.</span> <span class='ocrx_word' id='word_1_334' title='bbox 896 4010 1006 4064; x_wconf 75' lang='lat' dir='ltr'>addidit</span> <span class='ocrx_word' id='word_1_335' title='bbox 1030 3997 1174 4075; x_wconf 82' lang='lat' dir='ltr'>sanitatem,</span> <span class='ocrx_word' id='word_1_336' title='bbox 1204 4011 1278 4064; x_wconf 75' lang='lat' dir='ltr'>initio</span> <span class='ocrx_word' id='word_1_337' title='bbox 1304 4011 1343 4063; x_wconf 81' lang='lat' dir='ltr'>in·</span> 
     </span>
    </p>
   </div>
   <div class='ocr_carea' id='block_1_4' title="bbox 148 4105 1343 4422">
    <p class='ocr_par' dir='ltr' id='par_1_8' title="bbox 148 4105 1343 4422">
     <span class='ocr_line' id='line_1_36' title="bbox 148 4105 1249 4188; baseline 0.002 -22"><span class='ocrx_word' id='word_1_338' title='bbox 148 4118 253 4176; x_wconf 73' lang='lat' dir='ltr'>senentis</span> <span class='ocrx_word' id='word_1_339' title='bbox 270 4136 368 4173; x_wconf 82' lang='lat' dir='ltr'>uersus</span> <span class='ocrx_word' id='word_1_340' title='bbox 385 4105 633 4185; x_wconf 70' lang='lat' dir='ltr'>magnianimitalem,</span> <span class='ocrx_word' id='word_1_341' title='bbox 653 4136 734 4188; x_wconf 81' lang='lat' dir='ltr'>quom</span> <span class='ocrx_word' id='word_1_342' title='bbox 754 4135 847 4172; x_wconf 81' lang='lat' dir='ltr'>uocem</span> <span class='ocrx_word' id='word_1_343' title='bbox 866 4122 930 4171; x_wconf 66' lang='lat' dir='ltr'>aad</span> <span class='ocrx_word' id='word_1_344' title='bbox 950 4119 976 4171; x_wconf 79' lang='lat' dir='ltr'>in</span> <span class='ocrx_word' id='word_1_345' title='bbox 997 4119 1120 4187; x_wconf 66' lang='lat' dir='ltr'>momine</span> <span class='ocrx_word' id='word_1_346' title='bbox 1139 4118 1249 4171; x_wconf 74' lang='lat' dir='ltr'>durand</span> 
     </span>
     <span class='ocr_line' id='line_1_37' title="bbox 149 4219 1342 4327; baseline 0.002 -21"><span class='ocrx_word' id='word_1_347' title='bbox 149 4248 286 4325; x_wconf 68' lang='lat' dir='ltr'>‘ltquicquid</span> <span class='ocrx_word' id='word_1_348' title='bbox 379 4261 410 4314; x_wconf 81' lang='grc'>,16</span> <span class='ocrx_word' id='word_1_349' title='bbox 430 4279 445 4311; x_wconf 83' lang='lat' dir='ltr'>a</span> <span class='ocrx_word' id='word_1_350' title='bbox 464 4269 587 4311; x_wconf 84' lang='lat' dir='ltr'>contemtu</span> <span class='ocrx_word' id='word_1_351' title='bbox 677 4261 705 4313; x_wconf 77' lang='lat' dir='ltr'>li</span> <span class='ocrx_word' id='word_1_352' title='bbox 725 4261 853 4324; x_wconf 80' lang='lat' dir='ltr'>contemsit</span> <span class='ocrx_word' id='word_1_353' title='bbox 944 4259 977 4311; x_wconf 69' lang='lat' dir='ltr'>QG</span> <span class='ocrx_word' id='word_1_354' title='bbox 998 4219 1212 4324; x_wconf 79' lang='lat' dir='ltr'>contemptissirbis</span> <span class='ocrx_word' id='word_1_355' title='bbox 1236 4260 1342 4327; x_wconf 62' lang='lat' dir='ltr'>(margo</span> 
     </span>
     <span class='ocr_line' id='line_1_38' title="bbox 148 4344 1343 4422; baseline -0.001 -25"><span class='ocrx_word' id='word_1_356' title='bbox 148 4344 195 4399; x_wconf 62' lang='grc' dir='ltr'><em>Μ</em></span> <span class='ocrx_word' id='word_1_357' title='bbox 210 4346 415 4422; x_wconf 76' lang='lat' dir='ltr'>contemptissim&#39;)</span> <span class='ocrx_word' id='word_1_358' title='bbox 507 4359 530 4400; x_wconf 89' lang='lat' dir='ltr'>et</span> <span class='ocrx_word' id='word_1_359' title='bbox 549 4358 573 4399; x_wconf 91' lang='lat' dir='ltr'>ut</span> <span class='ocrx_word' id='word_1_360' title='bbox 593 4352 701 4401; x_wconf 85' lang='lat' dir='ltr'>maxime</span> <span class='ocrx_word' id='word_1_361' title='bbox 720 4351 826 4400; x_wconf 83' lang='lat' dir='ltr'>ludibrio</span> <span class='ocrx_word' id='word_1_362' title='bbox 846 4356 881 4398; x_wconf 89' lang='lat' dir='ltr'>est</span> <span class='ocrx_word' id='word_1_363' title='bbox 902 4347 951 4414; x_wconf 60' lang='grc' dir='ltr'>Εἳ,</span> <span class='ocrx_word' id='word_1_364' title='bbox 971 4357 994 4398; x_wconf 91' lang='lat' dir='ltr'>et</span> <span class='ocrx_word' id='word_1_365' title='bbox 1012 4356 1037 4398; x_wconf 89' lang='lat' dir='ltr'>ut</span> <span class='ocrx_word' id='word_1_366' title='bbox 1056 4350 1162 4397; x_wconf 92' lang='lat' dir='ltr'>ludibrio</span> <span class='ocrx_word' id='word_1_367' title='bbox 1176 4349 1289 4397; x_wconf 84' lang='lat' dir='ltr'>&#39;maxime</span> <span class='ocrx_word' id='word_1_368' title='bbox 1308 4361 1343 4397; x_wconf 83' lang='lat' dir='ltr'>est</span> 
     </span>
    </p>
   </div>
   <div class='ocr_carea' id='block_1_5' title="bbox 148 4424 1271 4503">
    <p class='ocr_par' dir='ltr' id='par_1_9' title="bbox 148 4424 1271 4503">
     <span class='ocr_line' id='line_1_39' title="bbox 148 4424 1271 4503; baseline 0.003 -20"><span class='ocrx_word' id='word_1_369' title='bbox 148 4424 217 4485; x_wconf 71' lang='lat' dir='ltr'>dudd:</span> <span class='ocrx_word' id='word_1_370' title='bbox 235 4446 256 4487; x_wconf 85' lang='lat' dir='ltr'>et</span> <span class='ocrx_word' id='word_1_371' title='bbox 273 4451 298 4489; x_wconf 86' lang='lat' dir='ltr'>ut</span> <span class='ocrx_word' id='word_1_372' title='bbox 317 4440 448 4488; x_wconf 91' lang='lat' dir='ltr'>ludibrium</span> <span class='ocrx_word' id='word_1_373' title='bbox 468 4447 503 4488; x_wconf 73' lang='lat' dir='ltr'>est</span> <span class='ocrx_word' id='word_1_374' title='bbox 587 4442 621 4492; x_wconf 67' lang='lat'>2&amp;</span> <span class='ocrx_word' id='word_1_375' title='bbox 641 4440 795 4503; x_wconf 67' lang='lat' dir='ltr'>impudentiis</span> <span class='ocrx_word' id='word_1_376' title='bbox 878 4438 912 4491; x_wconf 69' lang='lat'>‘29</span> <span class='ocrx_word' id='word_1_377' title='bbox 932 4438 1057 4486; x_wconf 82' lang='lat' dir='ltr'>effundant</span> <span class='ocrx_word' id='word_1_378' title='bbox 1069 4435 1125 4490; x_wconf 54' lang='grc' dir='ltr'>Εἲς</span> <span class='ocrx_word' id='word_1_379' title='bbox 1147 4440 1271 4488; x_wconf 81' lang='lat' dir='ltr'>effundunt</span> 
     </span>
    </p>
   </div>
   <div class='ocr_carea' id='block_1_6' title="bbox 0 0 1534 5092">
    <p class='ocr_par' dir='ltr' id='par_1_10' title="bbox 0 0 1534 5092">
     <span class='ocr_line' id='line_1_40' title="bbox 0 0 1534 5092; baseline 0 0"><span class='ocrx_word' id='word_1_380' title='bbox 0 0 1534 5092; x_wconf 95' lang='lat' dir='ltr'> </span> 
     </span>
    </p>
   </div>
  </div>
 </body>
</html>
