3046 5092
218 335 282 396 216
369 329 447 373 DlAL.
463 329 503 373 IX.
531 329 573 370 AD
589 329 732 372 SERENVM
746 330 787 371 DE
800 330 1066 382 TRANQVlLLlTATE
1080 330 1177 375 ANIMI.
1206 334 1240 376 14.
1258 334 1289 376 ¹5.

217 474 305 551 extre
331 495 373 536 se.
421 475 643 556 promisitque,
674 476 699 536 si
722 475 797 557 quid
820 474 1033 557 explorasset,
1065 477 1300 540 circumiturum
1322 480 1447 540 amicos

150 628 153 633 >
218 590 250 644 et
265 582 481 656 indicaturum,
498 582 566 663 quis
582 589 665 643 esset
681 583 857 644 animorum
873 592 982 645 status.
1007 603 1081 645 ecce
1092 584 1123 644 in
1135 583 1239 645 media
1249 591 1446 665 tempestate
1469 603 1503 655 10

217 686 430 770 tranquillitas.
477 708 551 749 ecce
581 689 702 751 animus
729 690 914 751 aeternitate
937 690 1065 770 dignus,
1097 690 1149 770 qui
1172 669 1272 752 fatum
1296 711 1391 753 suum
1415 691 1447 752 in

218 805 438 876 argumentum
463 794 528 855 ueri
551 804 653 869 uocat,
677 796 729 875 qui
752 796 782 856 in
806 794 917 857 ultimo
940 795 992 857 illo
1016 797 1116 876 gradu
1133 798 1253 878 positus
1270 806 1445 859 exeuntem

192 904 354 965 sanimam
386 909 607 981 percunctatur
637 922 695 963 nec
724 923 823 983 usque
846 903 888 963 ad
912 911 1049 964 mortem
1072 912 1212 979 tanturn,
1244 905 1303 966 sed
1326 903 1446 985 aliquid

219 1011 314 1071 etiam
339 1028 380 1069 ex
403 1009 471 1089 ipsa
493 1017 597 1069 morte
621 1009 732 1071 discit:
766 1029 862 1070 nemo
886 1009 1000 1072 diutius
1015 1008 1257 1092 philosophatus
1273 1019 1330 1073 est.
1378 1031 1447 1072 non

136 1181 138 1185 ,
218 1117 333 1195 raptim
357 1114 546 1197 relinquetur
569 1134 703 1195 magnus
728 1116 774 1176 uir
797 1125 829 1179 et
852 1136 923 1177 cum
948 1137 1023 1178 cura
1046 1117 1216 1180 dicendusz
1243 1116 1390 1179 dabimus
1411 1126 1446 1179 te

217 1223 248 1283 in
279 1241 410 1283 omnem
438 1221 640 1297 memoriam,
672 1221 878 1309 clarissimum
901 1232 1010 1304 caput,
1042 1223 1180 1286 Gaianae
1203 1222 1302 1286 cladis
1325 1243 1448 1305 magna

217 1331 342 1410 portio!

180 1453 204 1494 ιο
308 1434 380 1496 XV.
423 1432 490 1497 Sed
526 1432 601 1495 nihil
637 1437 769 1518 prodest
804 1437 945 1517 priuatae
972 1433 1113 1500 tristitiae
1141 1457 1250 1499 causas
1281 1436 1481 1507 abiecisser

219 1550 353 1623 occupat
384 1543 467 1602 enim
498 1562 737 1622 nonnumquam
768 1543 877 1604 odium
908 1545 1031 1625 generis
1061 1542 1196 1605 humani.
1252 1564 1324 1606 cum
1355 1545 1444 1624 cogi-

218 1648 348 1724 taueris,
380 1668 475 1729 quam
506 1649 547 1710 sit
577 1669 647 1710 rara
678 1649 859 1731 simplicitas
891 1658 923 1712 et
953 1641 1048 1732 quam
1076 1650 1390 1731 ignotainnocentia
1413 1660 1448 1714 et

161 1775 163 1779 ’
218 1757 273 1817 uix
296 1775 463 1837 umquam,
494 1755 551 1816 nisi
575 1776 647 1817 cum
671 1757 818 1837 expedit,
849 1755 944 1831 fides,
969 1766 1001 1823 et
1024 1757 1193 1819 occurrerit
1215 1765 1266 1820 tot
1288 1756 1447 1818 scelerum

219 1861 353 1924 felicium
376 1861 469 1923 turba
492 1869 525 1923 et
548 1861 682 1925 libidinis
704 1862 790 1925 lucra
814 1864 994 1945 damnaque
1016 1863 1133 1945 pariter
1148 1863 1247 1925 inuisa
1261 1872 1294 1926 et
1309 1863 1446 1927 ambitio

181 1987 204 2027 rs
219 1988 318 2050 usque
341 1988 381 2028 eo
404 1968 466 2028 iam
489 1987 524 2029 se
547 1968 608 2029 suis
632 1988 695 2029 non
719 1969 882 2030 continens
905 1969 1056 2044 terminis,
1081 1978 1115 2030 ut
1137 1989 1195 2051 per
1217 1969 1448 2051 turpitudinem
1516 1992 1519 1996 ⁴

218 2073 401 2156 splendeat:
436 2073 539 2154 agitur
570 2074 693 2136 animus
723 2077 754 2136 in
784 2084 913 2138 noctem
944 2082 977 2137 et
1007 2075 1092 2137 uelut
1124 2076 1239 2138 euersis
1270 2061 1448 2152 uirtutibus

219 2201 297 2262 quas
321 2200 387 2242 -nec
414 2200 540 2262 sperare
570 2178 643 2242 licet
674 2201 733 2243 nec
755 2180 874 2243 habere
896 2182 1044 2272 prodest,
1067 2182 1226 2268 ‚tenebrae
1249 2181 1448 2245 oboriuntur.

219 2287 250 2348 in
280 2285 343 2349 hoc
375 2288 479 2369 itaque
510 2286 657 2349 flectendi
688 2308 810 2364 sumus,
843 2290 878 2350 ut
909 2288 1015 2350 omnia
1045 2287 1132 2369 uolgi
1163 2290 1236 2351 uitia
1258 2309 1324 2351 non
1347 2289 1483 2358 inuisa2

145 2464 148 2474 Ι
219 2393 319 2469 nobis,
342 2394 399 2456 sed
423 2393 551 2455 ridicula
573 2393 737 2456 uideantur
760 2403 792 2457 et
814 2396 1036 2457 Democritum
1052 2396 1158 2477 potius
1173 2396 1332 2458 imitemur
1347 2416 1447 2477 quam

180 2517 205 2557 n
220 2500 423 2564 Heraclitum.
468 2499 519 2562 hic
549 2503 650 2576 enim,
681 2502 827 2583 quotiens
854 2502 885 2562 in
908 2501 1068 2583 publicum
1091 2511 1307 2582 processerat,
1338 2501 1447 2578 flebat,

220 2608 270 2670 ille
305 2606 437 2670 ridebat.
497 2605 569 2670 huic
599 2608 720 2684 omnia,
756 2629 838 2690 quae
868 2609 1007 2688 agimuS,
1043 2608 1200 2684 miseriae,
1236 2606 1278 2671 illi
1307 2609 1448 2690 ineptiae

221 2714 428 2777 uidebantur:
444 2713 614 2777 -eleuanda
629 2735 707 2796 ergo
723 2716 831 2777 omnia
846 2725 877 2779 et
892 2713 973 2778 facili
989 2715 1096 2778 animo
1110 2714 1246 2780 ferenda
1278 2715 1448 2779 humanius

222 2832 270 2886 est
293 2821 436 2883 deridere
460 2823 557 2883 uitam
581 2841 676 2901 quam
700 2820 874 2904 deplorare.
920 2822 1010 2885 adice
1033 2823 1121 2905 quod
1144 2823 1185 2884 de
1208 2821 1350 2886 humano
1366 2845 1446 2906 quo·
1466 2840 1481 2895 3

221 2950 283 3011 que
313 2949 430 3011 genere
461 2927 570 2990 melius
599 2937 737 2991 meretur
760 2930 812 3011 qui
834 2930 916 2992 ridet
939 2928 1029 3004 illud,
1060 2949 1155 3011 quam
1179 2930 1232 3011 qui
1254 2929 1361 3011 luget:
1396 2929 1449 2994 ille

182 3051 208 3091 2⁶
222 3039 249 3099 ei
272 3037 339 3117 spei
361 3035 467 3097 bonae
489 3035 604 3116 aliquid
627 3036 780 3118 relinquit,
803 3034 854 3099 hic
874 3045 980 3099 autem
996 3034 1091 3098 stulte
1107 3035 1211 3112 deflet,
1235 3057 1317 3118 quae
1333 3039 1448 3120 corrigi

221 3163 316 3226 posse
347 3143 503 3224 desperat.
549 3151 582 3205 et
612 3144 755 3205 uniuersa
777 3142 1010 3226 contemplatus
1033 3143 1158 3206 maioris
1181 3143 1276 3205 animi
1299 3151 1363 3221 est,
1395 3145 1448 3226 qui

222 3250 317 3312 risum
341 3269 405 3310 non
429 3257 517 3312 tenet
540 3269 636 3330 quam
659 3249 712 3330 qui
734 3248 893 3326 lacrimas,
918 3251 1046 3331 quando
1069 3247 1261 3312 lenissimum
1285 3249 1446 3315 adlectum

223 3356 317 3418 animi
340 3336 450 3417 mouet
473 3364 505 3417 et
528 3353 602 3416 nihil
625 3376 793 3437 magnum,
824 3355 897 3418 nihil
920 3358 1052 3433 serium,
1082 3377 1123 3418 ne
1147 3357 1295 3442 miserum
1318 3357 1446 3440 quidem

145 3509 147 3515 .
224 3483 266 3524 ex
289 3469 378 3524 tanto
403 3469 513 3544 paratu
536 3469 634 3542 putat.
680 3460 802 3543 singula
825 3470 957 3545 propter
972 3483 1053 3545 quae
1068 3462 1141 3526 laeti
1157 3483 1195 3525 ac
1209 3463 1315 3526 tristes
1330 3484 1445 3540 sumus,
1463 3477 1478 3530 4

183 3585 209 3625 ao
223 3568 282 3630 sibi
305 3568 436 3650 quisque
458 3576 619 3651 proponat
643 3576 675 3630 et
697 3571 776 3632 sciet
798 3589 908 3632 uerum
932 3590 1002 3632 esse
1017 3570 1104 3652 quod
1120 3570 1200 3632 Bion
1215 3569 1315 3633 dixit:
1341 3570 1447 3633 omnia

311 3779 328 3832 2
347 3781 431 3837 ar'uolt
449 3776 509 3836 cod,
528 3780 666 3829 animarum
678 3775 762 3849 uulpo
852 3778 867 3831 6
886 3779 1074 3844 philosophatus
1086 3784 1122 3829 est
1134 3776 1264 3850 Modm’q:
1285 3781 1446 3847 philosopha·

523 3872 532 3905 t

222 3929 259 3972 tus
277 3921 321 3970 sed
422 3918 537 3985 &caput
557 3919 583 3987 (t
601 3920 684 3984 corr.)
787 3920 845 3984 gaia
862 3936 894 3970 ne
911 3894 993 4005 {ladis
1095 3920 1128 3974 13
1151 3925 1181 3974 ut
1198 3918 1360 4012 haberemus
1378 3937 1446 3992 quaa

222 4023 342 4097 intelleqi
357 4031 488 4095 possent,
512 4024 598 4081 uerba
623 4034 646 4092 et
671 4028 776 4077 occurrit
794 4033 830 4077 tot
847 4028 965 4077 scelerum
984 4028 1092 4078 felicium
1110 4029 1195 4095 turba,
1220 4043 1291 4098 quae
1309 4028 1337 4082 in
1355 4027 1446 4082 codice

217 4121 286 4185 post
303 4117 399 4187 generis
417 4116 518 4164 humani
532 4115 587 4181 (11)
601 4115 782 4180 inueniuntur,
795 4120 864 4186 post
883 4117 943 4166 fides
957 4116 1048 4187 posui,
1066 4115 1104 4170 ira
1116 4120 1145 4170 ul
1157 4118 1263 4176 occurrit
1275 4115 1304 4170 t‘n
1316 4119 1446 4176 occurrerit

223 4210 372 4263 mutarem
395 4201 477 4264 Gertz
495 4200 582 4259 uerba
601 4221 656 4262 cum
676 4207 823 4270 cogitaueris
842 4205 899 4275 (ll)
919 4202 1010 4262 delere
1028 4203 1121 4263 maluit
1211 4206 1246 4259 17
1265 4208 1365 4266 tenebre

224 4343 257 4400 18
282 4336 349 4411 uulgi
445 4346 479 4400 24
504 4349 565 4397 illud
584 4348 612 4416 (d
631 4355 696 4402 ext
715 4349 797 4414 corr.)
894 4347 927 4402 25
954 4350 976 4399 ei
997 4345 1093 4402 (ἔθηκε
1114 4354 1137 4399 et
1231 4302 1331 4416 relinqu

223 4431 257 4489 27
275 4433 426 4488 lenissimum
447 4433 544 4490 Gertz:
565 4437 692 4495 leuissima
726 4447 728 4451 ’
782 4435 816 4495 28
834 4440 923 4495 serium
942 4434 1073 4508 Madur'qz
1093 4455 1119 4488 se
1137 4444 1198 4494 uerti
