3060 5078
231 314 294 377 282
446 312 524 355 DlAL.
536 313 587 358 ΧΠ.
614 314 656 354 ΑΙ)
670 313 823 356 POLYBIVM
839 314 878 354 DE
894 312 1135 355 CONSOLATIONE.
1166 314 1239 356 10,11.

229 466 340 519 natura
370 457 455 520 illum
486 460 543 522 tibi
574 462 653 524 sicut
683 446 794 524 ceteris
821 460 967 523 fratribus
990 480 1064 522 suos
1080 479 1152 521 non
1176 458 1332 539 mancipio
1356 436 1450 533 dedit,

228 566 286 626 sed
310 567 544 629 commodauit:
579 589 651 630 cum
676 570 775 631 uisum
800 578 847 632 est
871 569 998 643 deinde,
1021 569 1144 649 repetiit
1167 587 1225 627 nec
1248 574 1336 628 tuam
1360 567 1388 626 in
1413 586 1450 627 eo

228 673 407 735 satietatem
431 684 538 739 secuta
561 685 617 750 est,
640 676 696 737 sed
720 696 809 738 suam
832 674 954 755 legem„
985 676 1010 736 si
1033 676 1101 754 quis
1117 674 1282 756 pecuniam
1300 673 1480 736 creditamt

202 839 205 848 ,
229 778 358 841 soluisse
390 801 424 842 se
448 780 581 845 moleste
604 781 700 857 ferat,
724 802 802 844 eam
826 782 1025 864 praesertim,
1058 781 1143 842 cuius
1166 801 1257 842 usum
1281 781 1450 860 gratuitum

202 888 399 968 sacceperit,
430 908 535 950 nonne
565 889 694 951 iniustus
725 890 770 950 uir
800 888 972 951 habeatur?
1020 889 1108 950 dedit
1139 896 1251 949 natura
1280 887 1366 948 fratri
1396 895 1451 948 tuo

228 994 341 1068 uitam,
374 995 461 1056 dedit
492 1004 524 1067 et
547 996 620 1057 tibi:
656 1017 737 1077 quae
760 1017 817 1057 suo
841 999 905 1057 iure
929 1015 1000 1069 usa,
1031 1014 1137 1074 aquo
1162 993 1277 1068 uoluit,
1309 993 1451 1055 debitum

228 1121 319 1162 suum
343 1102 432 1163 citius
455 1103 571 1182 exegit.
617 1123 681 1164 non
705 1103 755 1164 illa
778 1103 807 1164 in
830 1101 921 1183 culpa
941 1111 997 1176 est,
1022 1101 1107 1162 cuius
1123 1111 1200 1162 nota
1216 1109 1283 1162 erat
1300 1085 1452 1174 condici0,

228 1209 285 1270 sed
316 1200 460 1270 mortalis
481 1209 574 1270 animi
597 1230 670 1290 spes
693 1210 801 1284 auida,
832 1229 913 1290 quae
936 1207 1085 1282 subinde,
1117 1209 1192 1290 quid
1215 1225 1319 1268 rerum
1343 1216 1453 1269 natura

159 1381 163 1388 ,
227 1315 275 1388 sit,
308 1314 499 1376 obliuiscitur
529 1336 588 1377 nec
619 1337 769 1396 umquam
802 1317 894 1378 sortis
925 1336 999 1377 suae
1029 1315 1186 1389 meminit,
1218 1313 1275 1375 nisi
1299 1334 1371 1376 cum
1398 1315 1451 1375 ad-

192 1431 214 1471 ¹⁰
229 1430 383 1482 monetur.
430 1423 536 1501 gaude
565 1423 671 1502 itaque
694 1422 840 1484 habuisse
862 1430 894 1484 te
918 1429 984 1483 tam
1007 1421 1127 1483 bonum
1151 1420 1279 1482 fratrem
1306 1428 1337 1481 et
1362 1430 1485 1505 usumss

227 1527 424 1608 fructumque
455 1529 537 1603 eiuS,
568 1531 711 1610 quamuis
742 1529 868 1590 breuior
898 1537 975 1590 uoto
998 1536 1054 1590 tuo
1078 1527 1183 1602 suerit,
1215 1527 1292 1589 boni
1315 1526 1452 1588 consule

228 1636 333 1716 cogita
349 1635 603 1712 iucundissimum
620 1657 697 1710 esse,
716 1637 802 1718 quod
818 1634 961 1709 habuisti,
978 1633 1158 1708 humanum,
1175 1634 1263 1716 quod
1280 1633 1453 1714 perdidisti.

228 1762 285 1804 nec
310 1745 391 1804 enim
417 1743 583 1824 quicquam
608 1745 709 1805 minus
732 1744 811 1805 inter
827 1762 861 1805 se
877 1752 1123 1833 consentaneum
1140 1750 1188 1803 est
1203 1761 1299 1822 quam
1316 1739 1453 1821 aliquem

228 1849 362 1924 moueri,
393 1851 481 1931 quod
504 1850 562 1912 sibi
585 1850 655 1911 talis
679 1849 773 1913 frater
796 1870 906 1930 parum
933 1851 985 1910 diu
1009 1850 1190 1930 contigerit,
1214 1868 1279 1909 non
1303 1848 1453 1928 gaudere,

191 1963 214 2003 ¹⁵
228 1957 317 2037 quod
340 1965 448 2018 tamen
472 1957 647 2037 contigerit.
1302 1972 1304 1980 ·

317 2063 371 2126 XI.
410 2063 459 2126 At
489 2055 662 2146 inopinanti
692 2073 819 2144 ereptus
843 2073 897 2126 est.
945 2082 1001 2124 sua
1023 2082 1182 2144 quemque
1204 2060 1373 2124 credulitas
1398 2064 1485 2124 de-l

228 2171 301 2251 cipit
326 2179 357 2231 et
380 2171 410 2232 in
435 2172 495 2246 eis,
518 2191 599 2252 quae
622 2169 731 2251 diligit,
755 2169 929 2232 uoluntaria
951 2169 1151 2231 mortalitatis
1177 2168 1314 2230 obliuio:
1341 2177 1462 2249 natura

227 2277 300 2340 nulli
324 2297 357 2338 se
381 2276 575 2340 necessitatis
599 2297 673 2339 suae
694 2279 827 2359 gratiam
849 2277 999 2344 facturam
1023 2297 1092 2338 esse
1108 2283 1224 2337 testata
1240 2283 1296 2337 est.
1337 2277 1454 2338 cotidie

229 2393 353 2467 praeoer
389 2384 497 2445 oculos
529 2393 654 2446 nostros
685 2392 848 2446 transeunt
878 2393 1027 2445 notorum
1058 2385 1305 2464 ignotorumque
1335 2382 1453 2447 lunera.

191 2495 217 2536 ²⁰
231 2511 289 2552 nos
312 2499 420 2553 tamen
443 2491 526 2552 aliud
550 2492 671 2572 agimus
695 2500 727 2552 et
750 2491 888 2552 subitum
912 2492 943 2552 id
967 2499 1113 2571 putamus
1137 2509 1220 2563 esse,
1248 2490 1336 2569 quod
1360 2490 1453 2550 nobis

227 2606 298 2659 tota
320 2599 384 2659 uita
407 2599 606 2683 denuntiatur
629 2597 774 2659 futurum.
820 2619 884 2660 non
908 2606 956 2659 est
979 2599 1084 2678 itaque
1106 2598 1165 2658 ista
1188 2595 1325 2658 fatorum
1342 2597 1451 2677 iniqui-

227 2715 284 2779 tas,
308 2706 366 2766 sed
390 2705 504 2766 mentis
528 2701 683 2768 humanae
706 2705 844 2786 prauitas
867 2703 1046 2766 insatiabilis
1070 2723 1173 2765 rerum
1195 2703 1345 2776 omnium,
1370 2723 1453 2783 quae

227 2812 406 2891 indignatur
429 2811 502 2872 inde
525 2811 620 2886 exire,
644 2832 708 2892 quo
732 2812 870 2873 admissa
893 2819 940 2872 est
963 2810 1111 2893 precario
1160 2805 1235 2894 [30]
1265 2818 1386 2890 quanto
1403 2809 1484 2874 ille‘2

228 2917 343 2992 iustior,
367 2917 418 2998 qui
441 2919 581 2991 nuntiata
605 2918 656 2981 filii
679 2928 783 2980 morte
807 2919 935 2999 dignam
960 2938 1078 2998 magno
1101 2918 1168 2978 uiro
1191 2936 1305 2978 uocem
1329 2917 1449 2978 emisit:

188 3029 213 3069 ²⁵
229 3045 290 3106 ego
314 3045 386 3086 cum
410 3026 512 3105 genui,
537 3034 603 3087 tum
627 3026 813 3087 moriturum
837 3026 919 3087 sciui.
965 3044 1092 3107 prorsus
1116 3044 1180 3085 non
1196 3024 1315 3085 mireris
1332 3042 1375 3084 ex
1391 3021 1452 3084 hoc

228 3141 337 3194 natum
361 3151 438 3205 esse,
461 3132 514 3213 qui
537 3130 658 3194 sortiter
679 3132 759 3193 mori
778 3141 895 3213 posset.
935 3152 998 3193 non
1014 3132 1134 3213 accepit
1149 3139 1313 3211 tamquam
1331 3150 1450 3191 nouum

229 3239 370 3300 nuntium
402 3237 453 3299 filii
485 3246 643 3300 mortem:
677 3239 751 3320 quid
776 3245 824 3299 est
848 3239 931 3300 enim
955 3239 1028 3300 noui
1051 3237 1212 3299 hominem
1237 3237 1334 3312 mori,
1366 3237 1451 3298 cuius

144 3407 154 3423 ,
228 3354 298 3407 tota
314 3345 392 3412 ,uita
422 3343 495 3407 nihil
524 3344 608 3408 aliud
631 3365 727 3426 quam
751 3346 793 3406 ad
817 3354 953 3407 mortem
977 3345 1035 3407 iter
1058 3347 1127 3407 est?
1166 3363 1229 3424 ego
1252 3363 1325 3405 cum
1349 3344 1451 3424 genui,
1486 3409 1490 3437 t

230 3575 242 3626 l
263 3576 310 3623 sibi
331 3571 410 3627 ΒΒΕ
532 3575 617 3624 ceteris
641 3575 754 3624 fratribus
778 3589 833 3623 suos
853 3570 933 3626 ΒΒΕ
949 3574 1034 3623 ceteris
1052 3573 1137 3622 fratres
1156 3589 1212 3622 suos
1230 3568 1346 3642 Maduig

227 3665 353 3728 mancipio
372 3661 522 3717 omiserunt
540 3657 594 3716 DE
681 3661 697 3713 2
717 3663 806 3712 deinde
824 3663 912 3726 repetit
930 3659 956 3714 B
975 3663 1006 3711 de
1024 3663 1074 3711 iure
1092 3663 1179 3727 repetit
1198 3659 1251 3714 ΒΕ
1340 3660 1356 3714 5
1375 3663 1451 3711 habe-

504 3787 506 3790 .
625 3763 635 3790 Γ

228 3813 265 3856 tur
284 3804 338 3858 ΒΕ
436 3807 451 3858 6
476 3823 522 3871 que
540 3823 584 3855 suo
603 3807 651 3855 uite
670 3822 712 3855 usa
731 3812 785 3870 sunt
807 3803 831 3856 Β
849 3821 896 3868 que
914 3821 957 3854 suo
977 3806 1028 3854 iure
1046 3821 1088 3854 usa
1107 3806 1150 3854 suit
1169 3802 1194 3856 Β
1212 3821 1259 3869 que
1277 3821 1321 3853 suo
1341 3806 1392 3853 iure
1409 3819 1450 3852 usu

228 3898 270 3946 fuit
291 3894 319 3947 Ε
424 3895 440 3947 9
464 3911 508 3944 nec
529 3911 649 3959 nunquam
671 3893 723 3946 DE
843 3911 898 3943 cum
912 3899 979 3962 post
997 3895 1044 3942 nisi
1062 3892 1160 3946 omittit
1180 3890 1205 3944 Ε
1324 3892 1358 3945 10
1382 3909 1449 3941 usum

228 3986 331 4034 fructum
350 3981 378 4035 Ε
468 3983 497 4034 11
524 3981 644 4035 leuiorD
737 3984 767 4035 12
793 3983 993 4032 iocundissimum
1013 3980 1066 4035 BD
1158 3982 1189 4033 13
1208 3982 1316 4046 aliquam
1336 3979 1363 4032 Β

229 4073 261 4125 16
280 4076 314 4122 At
332 4074 469 4138 inoppinali
482 4071 508 4125 Β
526 4080 550 4121 at
570 4073 723 4137 inoppinanti
736 4070 764 4125 E
850 4089 970 4136 quemque
984 4069 1069 4140 Neap.
1089 4086 1182 4135 queque
1194 4067 1249 4123 ΒΕ
1264 4072 1412 4135 quandoque
1430 4068 1451 4121 Β

336 4160 369 4212 18
394 4169 429 4212 est
445 4165 510 4230 post
527 4166 614 4210 testata
633 4161 729 4212 omittit
747 4159 775 4212 Ε
884 4161 916 4212 21
942 4162 1024 4224 itaque
1042 4161 1162 4209 factorum
1181 4160 1296 4224 iniquitas
1315 4156 1343 4210 Ε

229 4250 261 4304 23
282 4251 339 4299 inde
358 4252 422 4300 exire
440 4268 488 4316 quo
506 4248 601 4303 Haase
619 4252 675 4299 inde
685 4252 800 4299 »eximere
818 4267 866 4315 quo
880 4247 934 4302 ΒΕ
949 4251 1006 4298 inde
1024 4251 1130 4299 eximere
1147 4250 1215 4314 quod
1228 4246 1254 4300 B
1345 4250 1452 4298 admissa

228 4342 337 4405 precatio
358 4338 382 4392 Β
493 4339 527 4392 25
553 4356 607 4389 cum
631 4340 703 4403 genui
727 4343 777 4388 tum
797 4337 883 4407 Neap.
903 4355 958 4387 cum
977 4339 1053 4403 geniti
1071 4347 1122 4388 tum
1141 4335 1168 4390 B
1186 4354 1241 4387 cum
1261 4339 1334 4402 genui
1353 4355 1408 4387 eum
1428 4335 1452 4390 Β

228 4446 283 4479 curn
303 4431 393 4498 ingenii
413 4439 493 4480 tamen
514 4426 541 4483 Ε
627 4426 661 4480 28
680 4444 735 4477 cum
754 4429 820 4492 genii
838 4435 888 4476 tum
907 4424 935 4478 Ε
