3060 5078
265 342 304 402 64
630 335 763 377 DIAMV.
792 336 833 376 DE
847 335 900 376 IRA
914 334 969 376 LIB.
985 333 1015 376 11.
1045 335 1077 376 10.
1095 337 1126 376 ll.
1166 399 1168 404 .

264 504 339 546 suos
377 485 526 546 medicus.
583 485 736 564 numquid
772 482 836 556 iile,
872 483 955 544 cuius
994 480 1153 561 nauigium
1190 479 1323 542 multam
1357 481 1528 562 undique&

262 590 377 652 laxatis
407 589 604 671 conpagibus
634 610 748 671 aquarn
771 588 881 663 trahit,
913 587 1015 649 nautis
1038 588 1159 668 ipsique
1181 587 1496 667 nauigioirascitur?

262 697 397 758 occurrit
427 697 532 777 potius
562 703 595 757 et
618 695 709 758 aliam
734 695 875 758 excludit
897 696 1033 768 undam,
1065 693 1157 755 aliam
1181 695 1294 773 egerit,
1326 691 1496 755 manifesta

262 801 416 865 foramina
439 800 630 885 praecludit,
660 801 830 864 latentibus
852 809 884 863 et
908 820 950 862 ex
974 799 1100 862 occulto
1123 801 1279 862 sentinam
1304 799 1493 862 ducentibus

235 908 372 970 blabore
403 910 551 970 continuo
582 909 706 972 resistit.
752 928 811 970 nee
841 909 913 970 ideo
941 909 1130 982 intermittit,
1161 907 1233 988 quia
1256 917 1413 987 quantum
1437 929 1489 970 ex·
1518 935 1522 942 ·

261 1013 409 1075 haustum
441 1023 489 1076 est
519 1015 723 1078 subnascitur.
773 1014 859 1077 lento
890 1014 1046 1077 adiutorio
1076 1033 1158 1095 opus
1186 1022 1234 1076 est
1265 1021 1379 1076 contra
1410 1013 1489 1076 mala

209 1151 211 1155 >
262 1121 410 1182 continua
432 1129 465 1182 et
488 1120 630 1197 fecunda,
654 1142 719 1183 non
736 1134 775 1182 -ut
798 1122 949 1196 desinant,
973 1121 1031 1182 sed
1054 1141 1094 1182 ne
1117 1121 1250 1184 uincant.

244 1255 247 1258 ·
350 1226 405 1288 XI.
437 1225 529 1290 Vtilis
552 1235 609 1301 est,
632 1227 738 1313 inquit,
761 1228 814 1302 ira,
838 1228 910 1308 quia
925 1235 1145 1307 contemptum
1161 1225 1279 1306 effugit,
1298 1226 1374 1316 quia
1388 1225 1506 1288 malosi

260 1341 365 1394 terret.
403 1333 539 1413 primum
563 1333 616 1407 ira,
639 1334 665 1395 si
687 1343 839 1416 quantum
864 1334 999 1394 minatur
1020 1332 1112 1408 ualet,
1135 1332 1180 1394 ob
1204 1331 1266 1394 hoc
1281 1333 1386 1414 ipsum
1403 1333 1483 1415 quod

221 1453 245 1493 ¹0
260 1437 403 1500 terribilis
434 1447 496 1514 est,
528 1448 560 1500 et
590 1440 687 1501 inuisa
718 1449 775 1502 est.
820 1438 1021 1521 periculosius
1052 1448 1100 1501 est
1130 1447 1238 1501 autem
1265 1439 1370 1500 timeri
1393 1459 1484 1521 quam

260 1545 385 1626 despici.
431 1547 457 1607 si
486 1565 563 1606 uero
581 1546 660 1628 'sine
690 1545 805 1607 uiribus
828 1554 885 1620 est,
917 1546 1019 1626 magis
1049 1544 1196 1627 exposita
1218 1545 1419 1627 contemptui
1442 1554 1496 1607 est

258 1660 291 1713 et
322 1643 459 1713 derisum
490 1672 555 1713 non
578 1650 697 1732 effugit.
742 1652 818 1734 quid
846 1651 929 1713 enim
953 1659 1001 1712 est
1024 1652 1182 1713 iracundia
1204 1652 1235 1712 in
1258 1671 1516 1732 superuacuum

257 1757 469 1820 tumultuante
492 1757 650 1838 frigidius?
690 1758 805 1820 deinde
828 1778 892 1819 non
914 1758 987 1819 ideo
1010 1758 1186 1839 quaedam,
1208 1758 1282 1839 quia
1304 1766 1379 1819 sunt
1402 1759 1526 1820 terr'x-

257 1864 380 1939 biliora,
410 1865 537 1946 potiora
566 1845 646 1926 sunt.
699 1884 758 1925 nec
788 1863 850 1926 hoc
880 1864 1032 1946 sapientia
1063 1864 1123 1925 dici
1154 1862 1245 1939 uelit,
1275 1866 1365 1945 quod
1396 1863 1528 1930 ferae

140 1951 148 1964 ⁰
220 1986 243 2026 rs
258 1972 406 2052 sapientis
430 1991 557 2052 quoque
579 1970 679 2032 telum
701 1991 780 2045 esse,
803 1971 913 2033 timeri.
954 1971 1108 2051 etquid?
1144 1990 1208 2032 non
1231 1971 1361 2033 timetur
1385 1970 1528 2037 febris

256 2077 410 2156 podagra,
434 2076 520 2138 ulcus
549 2078 688 2138 malum?
720 2078 871 2158 numquid
894 2078 967 2138 ideo
991 2077 1158 2158 quicquam
1182 2077 1213 2138 in
1235 2076 1301 2138 istis
1324 2077 1404 2139 boni
1420 2092 1528 2146 es-l

257 2190 290 2243 at
312 2192 422 2245 contra
445 2182 553 2245 omnia
576 2184 728 2264 despecta
749 2183 906 2264 foedaque
929 2193 961 2245 et
983 2183 1101 2264 turpia,
1132 2184 1200 2264 ipso
1224 2203 1288 2265 quo
1312 2181 1525 2252 timentum

256 2289 301 2349 sic
323 2269 374 2350 ira
390 2309 447 2371 per
470 2309 505 2350 se
528 2287 679 2351 deformis
703 2298 751 2351 est
770 2299 802 2350 et
818 2290 945 2350 minime
962 2290 1140 2364 metuenda,
1164 2297 1198 2351 at
1212 2289 1342 2351 timetur
1357 2310 1378 2351 a
1392 2288 1466 2373 plu
1477 2298 1528 2357 1i.

256 2394 316 2456 bus
347 2396 426 2457 sicut
457 2394 607 2458 deformis
635 2416 772 2477 persona
801 2396 842 2457 ab
866 2394 1042 2457 infantibus.
1087 2395 1170 2476 quid,
1193 2397 1281 2476 quod
1303 2415 1433 2477 semper
1500 2402 1523 2467 ip

216 2517 241 2557 ru
256 2509 400 2563 auctores
415 2503 573 2564 redundat
586 2503 683 2563 timor
698 2521 757 2563 nec
764 2502 928 2583 quisquam
945 2501 1092 2562 metuitur
1104 2501 1171 2582 ipse
1179 2504 1324 2563 securus?
1340 2517 1513 2569 occurrat

256 2606 318 2669 hoc
348 2607 420 2669 loco
451 2608 508 2670 tibi
539 2607 733 2670 Laberianus
762 2607 812 2668 ille
844 2627 964 2682 uersus,
1003 2607 1055 2688 qui
1085 2607 1192 2669 medio
1224 2606 1304 2668 ciuili
1337 2607 1423 2670 bello
1472 2609 1497 2673 ir

255 2712 381 2776 theatro
406 2715 507 2776 dictus
530 2722 635 2776 totum
657 2716 690 2775 in
712 2734 747 2776 se
769 2714 921 2795 populum
944 2734 1009 2775 non
1032 2712 1122 2775 aliter
1144 2713 1316 2788 conuertit,
1339 2717 1488 2795 quamsi

256 2822 351 2882 missa
374 2829 457 2882 esset
481 2842 547 2883 uox
569 2822 684 2904 publici
707 2821 863 2896 adiectus

235 670 241 707 l

497 2967 604 3007 necesse
627 2956 668 3006 est
688 2949 790 3006 multos
812 2949 911 3006 timeat
930 2967 1011 3022 quem
1035 2949 1118 3005 multi
1139 2949 1243 3006 timent.

205 3063 241 3125 '2⁵
254 3071 297 3132 ita
320 3079 431 3132 natura
454 3071 623 3146 constituit,
654 3078 689 3132 ut
712 3069 861 3151 quidquid
885 3068 986 3132 alieno
1011 3078 1098 3132 metu
1121 3089 1272 3151 magnum
1297 3077 1354 3144 est,
1382 3089 1402 3131 a
1422 3088 1467 3132 suo
1488 3058 1522 3116 4

255 3197 319 3238 non
343 3185 442 3239 uacet.
480 3175 608 3239 leonum
632 3196 727 3258 quam
751 3177 865 3258 pauida
880 3184 952 3237 sunt
969 3177 1010 3238 ad
1026 3176 1201 3238 leuissimos
1217 3195 1315 3237 sonos
1330 3178 1468 3257 pectora?

255 3283 422 3344 acerrimas
445 3280 525 3344 feras
549 3283 661 3345 umbra
684 3290 716 3343 et
740 3304 806 3345 uox
830 3291 862 3344 et
885 3283 967 3344 odor
982 3281 1123 3344 insolitus
1141 3281 1292 3362 exagitat.
1330 3282 1472 3363 quidquid

259 3529 267 3579 l
291 3529 416 3593 nauigium
435 3526 533 3597 uulpo:
553 3529 708 3593 naufragium
800 3529 831 3579 ll
851 3529 962 3592 exposita
981 3528 1026 3596 (ita
1044 3527 1072 3579 in
1090 3529 1158 3593 ras.)
1256 3526 1289 3579 12
1308 3527 1382 3591 insup
1401 3534 1477 3580 uacuu

328 3616 360 3668 14
380 3634 425 3666 nec
444 3618 493 3666 hoc
512 3618 632 3680 sapientia
651 3617 700 3665 dici
719 3617 784 3678 uelit,
804 3617 870 3681 quod
889 3617 964 3677 ferae,
983 3617 1100 3680 sapientis
1118 3631 1215 3680 quoque
1227 3615 1303 3664 telum
1322 3631 1383 3678 esse,
1401 3616 1479 3667 timeri

255 3773 386 3845 Maduip:
414 3793 445 3825 ne
464 3777 513 3825 hoc
532 3777 651 3840 sapientia
664 3776 713 3824 dici
732 3776 804 3823 uelim
830 3777 897 3840 quod
915 3705 993 3839 iiii?
1010 3775 1126 3839 sapientis
1150 3790 1227 3850 quoq;
1260 3774 1314 3825 tell]
1338 3780 1377 3824 est
1402 3775 1481 3828 timeri

255 3901 341 3966 (bestie
360 3914 501 3968 suprascr.
520 3915 554 3952 m.
573 3898 640 3964 rac.)
714 3898 745 3949 15
766 3905 789 3947 et
807 3899 883 3962 quid?
902 3895 980 3951 Koch
999 3895 1079 3964 (conl.
1099 3895 1134 3951 de
1152 3896 1211 3950 beru
1226 3901 1251 3961 5,
1269 3896 1367 3963 t9‚t):
1392 3869 1483 3967 etquid
1510 3899 1528 3912 '‘

255 3986 314 4041 cod.
326 3990 414 4053 ecquid
424 3986 506 4057 uulpo
571 3986 603 4040 16
619 3987 726 4051 nunquia
739 3985 765 4053 (u
777 3984 887 4039 uidetur
899 4004 924 4035 m
934 3985 1033 4054 fuisse,
1048 4004 1062 4035 a
1075 3986 1103 4038 r‘rr
1115 3987 1133 4035 d
1145 3986 1230 4050 corr.)
1299 3984 1333 4038 17
1346 3993 1374 4036 at
1387 3986 1482 4056 (corr.)

255 4075 295 4129 Dr
303 4075 451 4146 particulis
464 4085 488 4125 at
507 4081 593 4125 contra
611 4072 688 4143 apud
702 4070 833 4127 Senecam
851 4074 1009 4144 saepissime
1028 4073 1177 4128 coniunctis
1191 4072 1273 4127 Gertz
1292 4072 1355 4127 non'
1368 4072 1488 4131 debebat

255 4164 380 4218 drabilare
481 4165 565 4229 sedaq;
672 4164 726 4227 ipso
744 4179 793 4227 quo
811 4160 864 4215 hoc
882 4168 922 4216 est
939 4180 988 4229 quo
1007 4165 1071 4228 ipsa
1095 4163 1134 4216 ira
1152 4169 1182 4215 ut
1202 4159 1307 4216 Gertzr'i
1323 4161 1484 4219 coniectura

254 4255 356 4318 ipsoque
374 4271 404 4303 eo
423 4251 579 4305 necessaria
597 4266 652 4304 rrorr
670 4252 718 4308 sit:
740 4249 774 4304 de
792 4249 976 4304 conlocatione
993 4252 1071 4305 uocis
1089 4254 1144 4317 ipso
1164 4249 1200 4319 cs.
1220 4249 1280 4304 Liar.
1293 4253 1338 4314 42,
1355 4254 1387 4306 11
1408 4254 1484 4306 bene·

255 4343 316 4391 ficiis
335 4344 409 4391 etiam
422 4344 478 4408 suis,
497 4342 606 4406 ingentia
624 4357 686 4406 quae
705 4341 729 4388 in
748 4356 802 4388 eum
816 4346 933 4404 congesta
952 4348 1020 4389 erant
1086 4340 1119 4393 21
1139 4341 1206 4390 ciuili
1224 4341 1292 4391 bello
1310 4338 1414 4411 uulpo:
1436 4341 1482 4395 cui'

253 4432 338 4480 libello
352 4430 389 4496 (in
402 4445 490 4498 marp.
503 4425 545 4496 ei’)
617 4429 651 4481 23
665 4429 764 4477 aflectus
779 4427 893 4496 (priori
902 4429 985 4493 rorr.)
1058 4428 1091 4480 25
1105 4430 1173 4494 chd
1245 4427 1414 4496 27quicquid
1474 4484 1480 4495 ,
