3046 5092
224 359 287 420 214
365 351 444 394 nmu.
461 351 500 394 rx.
530 353 570 392 An
586 352 728 412 snuuuvn
743 323 1065 403 unaunuovumnrn
1080 352 1178 395 nurui.
1209 355 1240 396 n.
1256 354 1290 396 1³.
1307 355 1339 396 rr.

223 501 330 560 inanes
353 507 384 560 et
406 498 492 560 leues
516 517 628 560 causae
651 518 708 578 per
720 497 842 560 .urbem
859 499 1096 560 circumducunt
1111 496 1248 579 nihilque
1264 495 1452 575 habentem,

223 607 253 666 in
276 607 364 687 quod
387 604 518 678 laboret,
543 603 597 687 lux
621 614 692 667 orta
716 604 854 684 expellit,
879 615 1000 667 etcum
1018 603 1189 668 multorum
1206 604 1322 668 frustra
1336 605 1450 685 limini-

223 711 282 772 bus
305 710 411 772 inlisus
434 710 708 773 nomenculatores
732 710 944 791 persalutauit,
967 710 1108 775 amultis
1124 710 1272 773 exclusus
1287 715 1452 775 neminem

224 837 265 879 ex
301 817 448 879 omnibus
486 815 639 878 difficilius
675 817 763 879 domi
794 838 889 899 quam
920 838 954 879 se
986 818 1141 881 conuenit.
1196 838 1238 879 ex
1268 818 1331 881 hoc
1362 819 1490 885 malo?

183 941 195 978 ⁵
221 924 385 1004 'dependet
412 922 486 984 illud
514 925 727 985 taeterrimum
752 926 878 998 uitium,
908 923 1095 987 auscultatio
1119 932 1151 985 et
1173 923 1374 1005 publicorum
1399 946 1450 989 se-

223 1039 446 1111 cretorumque
469 1030 626 1111 inquisitio
650 1038 683 1091 et
706 1029 876 1092 multarum
899 1050 1006 1091 rerum
1029 1030 1166 1105 scientia,
1184 1050 1272 1112 quae
1295 1051 1354 1093 nec
1378 1040 1451 1096 tuto

152 1150 154 1154 '
222 1143 386 1199 narrantur
408 1157 467 1198 nec
490 1146 560 1199 tuto
584 1137 758 1199 audiuntur.

311 1242 395 1304 XIII.
433 1243 507 1305 Hoc
536 1252 678 1305 secutum
709 1253 788 1324 puto
817 1243 1038 1306 Democritum
1070 1243 1113 1304 ita
1142 1243 1360 1325 praecepisse:
1397 1247 1488 1325 quii

175 1353 203 1414 ,’
222 1348 395 1428 tranquille
417 1349 502 1410 uolet
522 1349 646 1425 uiuere,
679 1370 734 1410 nec
749 1349 911 1429 priuatim
934 1357 1017 1429 agat
1036 1349 1141 1410 multa
1165 1370 1220 1410 nec
1236 1349 1382 1429 publice,
1409 1351 1452 1414 ad

149 1506 151 1510 ,
186 1469 208 1509 10
222 1476 415 1536 superuacua
437 1455 553 1518 scilicet
576 1454 772 1541 referentem.
818 1477 892 1518 nam
915 1456 941 1518 si
956 1457 1132 1518 necessaria
1146 1465 1227 1531 sunt,
1251 1466 1283 1533 et
1298 1460 1452 1539 priuatim

222 1571 255 1626 et
277 1562 402 1644 publice
425 1584 489 1624 non
513 1572 637 1626 tantum
662 1561 768 1637 multa,
792 1564 849 1625 s‘ed
873 1561 1109 1625 innumerabilia
1131 1563 1257 1644 agenda
1276 1573 1368 1627 sunt:
1396 1565 1452 1629 ubi

222 1690 298 1732 uero
322 1669 440 1731 nullum
465 1667 602 1731 officium
625 1668 779 1731 sollemne
803 1691 861 1732 nos
878 1670 962 1744 citat,
985 1668 1175 1731 inhibendae
1191 1670 1339 1733 actiones.
1374 1693 1452 1734 nam
1472 1687 1489 1738 2

143 1829 145 1833 .
221 1778 274 1856 qui
306 1776 404 1839 multa
433 1778 514 1856 agit,
545 1795 640 1855 saepe
664 1775 807 1839 fortunae
830 1784 1025 1857 potestatem
1047 1775 1095 1837 sui
1117 1774 1206 1851 facit,
1237 1797 1333 1857 quam
1357 1779 1450 1840 tutis-

221 1884 335 1945 simum
367 1892 415 1946 est
439 1902 509 1943 raro
534 1861 676 1964 experiri,
701 1891 840 1944 ceterum
865 1902 992 1962 semper
1014 1883 1055 1943 de
1078 1881 1129 1943 illa
1152 1883 1294 1964 cogitare
1318 1894 1350 1947 et
1375 1885 1451 1947 nihil

183 2006 206 2044 1⁵
221 1989 279 2052 sibi
310 1990 351 2050 de
381 1988 445 2050 fide
476 1983 542 2050 eius
580 1989 775 2069 promittere.
825 1988 1002 2069 navigab0,
1040 1989 1097 2050 nIsi
1124 1989 1150 2050 si
1189 1989 1265 2070 quid
1295 1990 1451 2054 inciderit

222 2105 269 2171 et,
304 2104 432 2176 praetor
467 2093 558 2170 fiam,
594 2095 649 2156 nisi
684 2095 709 2156 si
747 2093 824 2175 quid
861 2095 1025 2157 obstiterit.
1087 2104 1135 2170 et,
1166 2096 1340 2176 negotiatio
1371 2097 1451 2160 mihi

221 2201 434 2282 respondebit,
457 2200 515 2262 nisi
538 2201 563 2263 si
586 2202 661 2282 quid
685 2203 894 2264 interuenerit.
939 2199 1002 2263 hoc
1023 2210 1072 2264 est
1095 2222 1191 2283 quare
1214 2204 1349 2282 sapienti
1373 2203 1451 2266 nihil
1470 2217 1485 2270 3

221 2317 332 2370 contra
363 2308 544 2388 opinionem
576 2307 717 2369 dicamus
740 2307 890 2369 accidere.
935 2328 1000 2368 non
1023 2305 1109 2368 illum
1134 2307 1256 2370 casibus
1279 2306 1449 2371 hominum

221 2414 432 2495 excerpimuS,
456 2415 513 2475 sed
538 2412 702 2488 erroribus,
726 2433 785 2474 nec
808 2412 848 2474 illi
871 2412 978 2475 omnia
1001 2422 1035 2475 ut
1059 2413 1158 2475 uoluit
1181 2417 1307 2490 cedunt,
1330 2417 1389 2477 sed
1412 2425 1450 2479 ut

180 2535 206 2575 20
221 2522 382 2602 cogitauit.
427 2522 566 2600 inprimis
596 2529 704 2582 autem
736 2522 889 2600 cogitauit
918 2518 1036 2600 aliquid
1065 2538 1161 2602 posse
1189 2521 1361 2603 propositis
1384 2525 1449 2585 suis

221 2629 372 2692 resistere.
417 2648 546 2689 necesse
570 2635 618 2688 est
641 2636 757 2689 autem·
770 2625 866 2688 leuius
882 2627 923 2688 ad
940 2627 1078 2688 animum
1094 2630 1258 2711 peruenire
1274 2629 1448 2694 destitutae

220 2736 399 2817 cupiditatis
423 2733 576 2809 dolorem,
600 2733 648 2794 cui
671 2753 850 2795 successum
874 2753 938 2795 non
961 2736 1068 2814 utique
1089 2735 1279 2816 promiseris.
1354 2757 1359 2765 ·

308 2841 396 2903 XIV.
427 2839 549 2902 Faciles
573 2840 668 2902 etiam
691 2861 750 2902 nos
774 2831 877 2920 lacere
901 2840 1070 2918 debemus,
1101 2861 1141 2903 ne
1163 2843 1256 2905 nimis
1280 2843 1480 2910 destinatisl

220 2949 312 3011 rebus
328 2946 554 3028 indulgeamus,
570 2956 829 3027 transeamusque
844 2947 875 3008 in
891 2967 937 3023 ea,
953 2948 983 3009 in
998 2968 1080 3030 quae
1095 2951 1155 3010 nos'
1164 2969 1254 3011 casus
1265 2951 1445 3030 deduxerit,

180 3071 206 3110 ‘2⁵
220 3076 279 3117 nec
307 3055 514 3117 mutationem
538 3063 593 3116 aut
616 3053 734 3116 consilii
757 3064 811 3117 aut
833 3063 934 3117 status
957 3037 1233 3137 pertimescamus,
1263 3057 1445 3123 dummodo

220 3183 279 3223 nos
309 3160 434 3235 leuitas,
466 3161 710 3223 inimicissimum
743 3161 839 3243 quieti
870 3161 994 3236 uitium,
1025 3183 1089 3224 non
1117 3164 1261 3244 excipiat.
1307 3185 1384 3228 nam
1411 3179 1445 3232 et

179 3304 194 3323 ·
219 3268 390 3348 pertinacia
412 3288 542 3329 necesse
565 3277 614 3330 est
637 3268 733 3329 anxia
755 3277 788 3330 et
809 3268 922 3329 misera
938 3268 987 3343 sit,
1011 3269 1059 3330 cui
1074 3266 1201 3332 fortuna
1215 3291 1312 3353 saepe
1327 3271 1445 3356 aliquid

220 3382 398 3454 extorquet,
422 3383 455 3436 et
477 3373 587 3436 leuitas
611 3373 712 3437 multo
735 3375 861 3455 grauior
883 3395 1038 3456 nusquam
1059 3395 1094 3436 se
1110 3377 1283 3438 continens.
1322 3388 1442 3442 utrum-

220 3501 281 3561 que
304 3479 450 3542 infestum
475 3463 523 3542 est
545 3479 773 3561 tranquillitati,
798 3489 830 3542 et
853 3480 928 3543 nihil
951 3489 1073 3543 mutare
1095 3501 1192 3563 posse
1215 3491 1248 3545 et
1270 3483 1346 3547 nihil
1369 3487 1443 3567 pati.

179 3603 205 3643 30
220 3587 326 3667 utique
357 3589 478 3649 animus
509 3586 550 3648 ab
581 3586 728 3648 omnibus
759 3588 897 3649 externis
929 3590 960 3648 in
991 3607 1025 3648 se
1056 3588 1253 3650 reuocandus
1283 3599 1352 3653 est:
1386 3592 1475 3654 sibiu

219 3692 376 3767 confidat,
406 3714 441 3754 se
465 3694 619 3773 gaudeat,
642 3713 698 3754 sua
721 3692 883 3773 suspiciat,
906 3694 1053 3768 recedat,
1076 3702 1229 3775 quantum
1253 3704 1380 3776 potest,
1402 3697 1442 3760 ab

218 3798 324 3860 alienis
345 3808 378 3861 et
393 3820 428 3861 se
443 3776 502 3860 sibi
517 3798 662 3879 adplicet,
687 3799 805 3861 damna
819 3819 885 3861 non
902 3799 1023 3875 sentiat,
1044 3801 1140 3863 etiam
1155 3801 1291 3863 aduersa
1306 3802 1442 3884 benigne

125 4024 128 4030 “
219 4010 235 4063 5
261 4002 387 4063 teterrimti
484 4009 500 4062 8
525 4012 679 4076 praecepisse
698 4007 790 4063 Koch:
811 4011 905 4076 cepisse
924 4007 984 4064 cod.
1004 4012 1116 4075 coepisse
1132 4008 1217 4079 uulgo
1250 4009 1327 4080 Conf.
1348 4012 1383 4067 de
1400 4015 1443 4068 ἕνα

219 4101 244 4162 3,
258 4102 311 4163 6,3
330 4100 440 4165 proderit
458 4100 532 4148 nobis
551 4099 611 4148 illud
628 4100 766 4148 Democriti
785 4100 890 4148 salutare
907 4104 1074 4164 praeceptum,
1092 4116 1142 4165 quo
1161 4105 1309 4151 monstratur
1328 4105 1441 4169 tranquil·

218 4188 287 4250 litas,
311 4189 331 4238 si
354 4205 431 4253 neque
456 4190 570 4253 priuatim
595 4205 672 4252 neque
696 4188 795 4253 publice
819 4187 895 4237 multa
919 4194 960 4236 aut
984 4189 1080 4237 maiora
1104 4189 1197 4238 uiribus
1215 4192 1304 4241 nostris
1322 4194 1440 4256 egerimus

289 4276 445 4343 9tranquille
530 4278 562 4331 13
577 4279 687 4328 fortunae
700 4276 863 4330 deteriores:
884 4277 981 4326 fortuna
1060 4275 1092 4329 16
1105 4279 1224 4343 pretorfia
1303 4281 1338 4335 20
1350 4282 1440 4348 aliquid

218 4364 277 4420 cod.
298 4381 357 4419 cum
375 4367 511 4421 ueteribus
529 4366 699 4430 editiomhus,
719 4368 785 4417 aliud
803 4364 916 4421 Fickert
933 4371 961 4420 et
977 4365 1072 4421 Haase
1085 4352 1180 4438 praua
1198 4370 1332 4425 sententia

217 4454 251 4511 25
270 4457 430 4508 mutationem
450 4454 580 4527 Muduiq:
601 4458 735 4508 mutatione
823 4455 857 4510 32
876 4458 985 4523 applicet
1003 4455 1092 4527 (prior
1109 4474 1126 4524 p
1145 4459 1229 4526 corr.)
