3060 5078
159 333 199 398 76
519 327 598 369 DIAL.
614 326 651 369 IV.
680 326 721 368 DE
735 327 787 368 IRA
803 326 858 370 LIB.
874 328 902 369 11.
933 328 1016 370 2128.

156 479 258 541 silium
282 478 323 539 de
346 476 410 536 uita
433 482 542 535 nostra
565 474 743 535 mittamur:
775 473 800 534 si
824 475 925 535 modo
949 493 1059 535 uerum
1083 474 1140 555 ipsi
1162 452 1257 536 nobis
1283 457 1393 537 dicere

155 584 355 656 uoluerimus,
378 580 474 662 pluris
498 578 585 640 litem
608 588 749 641 nostram
773 579 1018 641 aestimabimus.

244 687 394 752 XXVIII.
441 685 474 748 Si
496 685 642 748 uolumus
666 687 757 767 aequi
779 707 884 748 rerum
907 672 1050 747 omniurn
1073 686 1191 749 iudices
1215 707 1296 763 esse,
1324 687 1420 750 hoct

156 799 292 880 primum
324 793 416 856 nobis
446 793 710 873 persuadeamu3‚
742 791 901 853 neminem
932 802 1076 854 nostrum
1101 813 1171 854 esse
1193 793 1262 856 sine
1285 795 1387 878 culpa.

130 905 228 965 shinc
249 886 334 963 ’enim
358 899 500 961 maxima
530 898 704 979 indignatio
737 899 852 960 oritur:
896 898 970 960 nihil
990 900 1120 981 peccaui
1150 908 1183 961 et
1213 899 1290 962 nihil
1320 901 1386 963 feci.

154 1011 255 1071 immo
278 1005 352 1068 nihil
375 1004 488 1067 fateris
528 1006 728 1085 indignamur
751 1004 853 1085 aliqua
876 1007 1094 1076 admonitione
1116 1015 1171 1068 aut
1194 1007 1385 1069 coercitione

156 1135 215 1177 nos
238 1113 425 1192 castigatos,
457 1133 528 1173 cum
560 1110 612 1173 illo
645 1113 714 1193 ipso
743 1119 889 1193 tempore
919 1132 1104 1193 peccemus,
1135 1133 1199 1194 quo
1231 1114 1384 1176 adIcimus

108 1195 112 1204 Ι
156 1218 328 1282 malefactis
359 1209 578 1298 adrogantiam
619 1226 651 1279 et
689 1219 932 1280 contumaciam.
978 1219 1046 1299 quis
1089 1227 1138 1280 est
1176 1219 1235 1282 iste
1267 1220 1320 1300 qui
1351 1231 1409 1283 set

155 1325 321 1407 profitetur
358 1324 505 1385 omnibus
544 1323 667 1403 legibus
697 1324 918 1386 innocentem?
957 1333 991 1387 ut
1022 1323 1085 1387 hoc
1114 1326 1158 1387 ita
1192 1324 1249 1400 sit,
1288 1346 1382 1406 quam

117 1454 142 1494 10
156 1439 291 1512 angusta
320 1430 497 1492 innocentia
528 1437 577 1492 est
607 1431 650 1491 ad
672 1429 776 1510 legem
800 1431 923 1513 bonum
947 1434 1038 1493 esse?
1071 1440 1190 1511 quanto
1220 1429 1316 1493 latius
1339 1430 1382 1493 of-

155 1537 298 1599 ficiorum
321 1544 410 1617 patet
432 1556 529 1618 quam
553 1536 625 1598 iuris
648 1536 776 1616 regula?
808 1557 905 1617 quam
937 1538 1036 1599 multa
1058 1539 1171 1620 pietas,
1195 1535 1384 1613 humanitas,

155 1643 331 1718 liberalitas,
355 1643 478 1717 iustitia,
501 1641 581 1704 fides
604 1643 744 1723 exigunt,
769 1663 850 1725 quae
866 1644 973 1705 omnia
994 1653 1087 1706 extra
1100 1642 1243 1726 publicas
1260 1642 1385 1706 tabulas

155 1754 247 1813 sunt?
285 1750 343 1811 sed
373 1770 413 1810 ne
445 1751 486 1810 ad
516 1748 600 1810 illam
628 1750 757 1830 quidem
781 1750 969 1811 artissimam
993 1749 1190 1812 innocentiae
1213 1750 1426 1814 formulamb

154 1865 315 1940 praestare
338 1875 397 1916 nos
420 1875 608 1936 possumus:
643 1855 703 1917 alia
725 1855 864 1929 fecimus,
888 1855 948 1917 alia
970 1856 1186 1937 cogitauimus,
1209 1855 1272 1919 alia
1296 1871 1388 1941 opta-

117 1984 141 2024 rs
156 1965 270 2037 uimus‚
302 1961 365 2022 aliis
396 1961 546 2036 lauimuS,
577 1963 608 2022 in
631 1963 820 2042 quibusdam
852 1963 1035 2024 innocentes
1059 1983 1184 2039 sumus,
1215 1964 1291 2044 quia
1323 1985 1395 2026 non

135 2068 313 2130 successit.
349 2066 412 2128 hoc
427 2069 603 2147 cogitantes
626 2069 789 2147 aequiores
812 2069 909 2129 simus
932 2068 1193 2150 delinquentibus,
1216 2072 1398 2132 credamus
1423 2107 1426 2117 ·

156 2172 414 2253 obiurgantibus:
448 2174 555 2253 urique
578 2173 670 2234 nobis
693 2193 733 2234 ne
756 2175 926 2236 irascamur
955 2176 1014 2249 (cui
1038 2176 1121 2237 enim
1145 2195 1217 2250 non,
1243 2177 1270 2238 si
1293 2177 1394 2240 nobis

156 2299 283 2361 quoque
292 2281 325 2356 ?),
357 2279 484 2340 minime
515 2279 571 2340 dis
612 2300 675 2340 non
707 2281 789 2341 enim
821 2280 959 2356 illorum,
991 2283 1049 2343 sed
1080 2281 1152 2362 lege
1182 2281 1395 2345 mortalitatis

155 2385 292 2470 patimur
330 2385 482 2465 quidquid
520 2385 715 2446 Incommodi
751 2387 871 2447 accidit.
918 2395 950 2447 at
981 2388 1086 2449 morbi
1117 2386 1313 2470 doloresque
1343 2390 1386 2451 in·

116 2514 142 2554 20
157 2502 291 2554 currunt.
337 2492 443 2572 utique
466 2490 570 2572 aliquo
595 2489 831 2571 defungendum
856 2502 904 2553 est
926 2493 1119 2556 domicilium
1142 2502 1235 2574 putre
1259 2496 1384 2558 sortitis.

157 2599 278 2660 dicetur
301 2597 408 2678 aliquis
432 2596 515 2658 male
540 2599 580 2659 de
603 2606 636 2658 te
659 2597 801 2659 locutus:
836 2600 942 2678 cogita
964 2620 1005 2661 an
1028 2601 1113 2681 prior
1135 2600 1255 2675 seceris,
1279 2603 1381 2682 cogita

155 2705 196 2766 de
220 2725 315 2785 quam
347 2702 451 2764 multis
482 2702 627 2784 loquaris.
674 2704 866 2784 cogitemus,
902 2705 1046 2786 inquam,
1078 2705 1155 2767 alios
1185 2726 1252 2767 non
1283 2707 1407 2772 faceret

155 2812 305 2885 iniuriam,
328 2810 386 2871 sed
409 2830 571 2891 reponere,
595 2809 672 2871 alios
695 2829 754 2892 pro
777 2810 869 2872 nobis
890 2810 1001 2887 facere,
1025 2812 1102 2874 alios
1126 2820 1257 2874 coactos
1272 2812 1381 2888 facere,

157 2917 234 2979 alios
258 2917 454 2996 ignoranteS,
487 2915 581 2977 etiam
614 2935 670 2977 eos
701 2915 754 2994 qui
784 2915 927 2978 uolentes
958 2918 1154 2999 scientesque
1177 2917 1312 2994 iaciunt,
1344 2939 1382 2980 ex

116 3043 141 3084 rs
155 3024 264 3085 iniuria
278 3034 393 3083 -nostra
416 3042 481 3082 non
503 3023 603 3102 ipsam
627 3022 767 3083 iniuriam
791 3032 918 3102 petere:
946 3032 999 3085 aut
1019 3024 1184 3086 dulcedine
1199 3023 1384 3087 urbanitatis

155 3129 322 3213 prolapsus
354 3136 415 3203 est,
447 3136 501 3189 aut
530 3127 604 3189 fecit
626 3127 757 3209 aliquid,
788 3149 853 3190 non
883 3138 919 3191 ut
941 3130 1033 3192 nobis
1055 3130 1199 3205 obesset,
1231 3133 1291 3193 sed
1315 3133 1387 3214 quia

156 3235 306 3316 consequi
337 3235 403 3316 ipse
433 3254 497 3295 non
528 3243 670 3316 poterat,
709 3235 766 3295 nisi
796 3254 856 3296 nos
888 3235 1058 3318 repulisset.
1107 3256 1203 3318 saepe
1235 3238 1419 3315 adulatio,6

156 3341 232 3401 dum
264 3339 437 3414 blanditur,
467 3338 611 3401 offendit.
657 3340 795 3421 quisquis
825 3341 868 3410 ad
889 3361 924 3403 se
955 3342 1123 3417 rettulerit,
1147 3343 1296 3422 quotiens
1319 3344 1388 3426 ipse

86 3524 88 3528 Ι
156 3448 187 3508 in
217 3447 427 3528 suspicionem
457 3444 569 3517 falsam
600 3446 759 3522 inciderit,
790 3466 885 3526 quam
914 3446 1019 3508 multis
1042 3446 1150 3509 officiis
1173 3449 1236 3524 suis
1258 3448 1390 3513 fortuna

116 3554 295 3633 inspeciem
319 3552 444 3613 iniuriae
467 3552 609 3626 induerit,
633 3572 729 3632 quarn
745 3551 862 3614 multos
877 3562 952 3633 post
972 3553 1080 3615 odium
1104 3573 1211 3616 amare
1235 3558 1390 3639 coeperit,

156 3658 273 3739 poterit
296 3679 360 3719 non
383 3657 488 3719 statim
512 3658 617 3732 irasci,
649 3659 756 3739 utique
786 3658 812 3718 si
839 3659 898 3719 sibi
926 3660 1038 3721 tacitus
1061 3660 1103 3722 ad
1125 3658 1248 3740 singula
1271 3662 1390 3744 quibus

62 3916 66 3927 ,
158 3869 276 3922 noritur.
308 3869 378 3918 Nihil
390 3868 489 3940 uulym
510 3871 751 3941 iuterpuucn'onem
765 3872 888 3926 correm't
903 3869 985 3925 Gertz
1058 3871 1288 3938 dimouitioueta
1302 3876 1390 3942 corr.)

213 3957 229 4010 7
242 3975 290 4022 quo
304 3956 502 4027 Neapolitana:
518 3960 585 4024 quod
597 3957 669 4016 coda
678 3957 772 4012 Haase
785 3967 895 4024 tempore
908 3956 1052 4012 delendum
1066 3964 1159 4013 censet
1210 3959 1227 4012 8
1240 3965 1391 4027 arrogantia

80 4062 84 4071 “
158 4064 248 4134 (prior
266 4081 278 4113 r
297 4064 380 4130 corr.)
461 4065 494 4117 12
513 4059 647 4114 liberalita⁵
667 4059 704 4132 (ει5
723 4066 805 4131 corr.)
884 4061 981 4115 tabula⁵
1002 4073 1055 4115 sunt
1141 4065 1174 4117 14
1192 4083 1238 4116 nos
1257 4067 1281 4133 (s
1300 4073 1389 4137 corr.)

242 4152 275 4205 18
294 4155 341 4203 diis
428 4153 459 4206 19
479 4159 503 4202 at
523 4153 618 4220 (cori.)
709 4154 744 4208 20
763 4155 845 4219 utique
864 4155 946 4220 aliquo
966 4155 1148 4219 defungendum
1167 4151 1300 4224 Madm'q:
1322 4160 1387 4225 utiq;

157 4243 257 4307 aliquod
270 4243 390 4306 fugiendi]
405 4240 434 4309 (ti
448 4242 530 4308 corr.)
598 4242 631 4295 23
647 4244 718 4307 pnob
732 4241 801 4307 cod,
814 4240 839 4294 lt.
854 4258 876 4296 e.
889 4259 935 4307 pro
948 4244 1029 4304 nobis,
1046 4246 1077 4294 ut
1090 4239 1214 4296 Muretus
1231 4245 1389 4316 scripserat

157 4334 184 4382 et
201 4328 295 4383 Haase
312 4329 435 4398 reposuit
452 4330 519 4396 iure,
539 4330 591 4384 etsi
607 4329 779 4401 vituperatus
798 4346 815 4383 a
835 4328 961 4388 Gerizim
981 4329 1032 4383 loo
1051 4329 1121 4384 ertt'm
1140 4328 1213 4397 dicit,
1232 4330 1389 4402 ailquando

158 4422 254 4471 contra
272 4432 322 4470 nos
337 4417 416 4484 facta
434 4418 590 4487 opz'uumur,
609 4435 681 4489 quae
699 4419 760 4488 quis
776 4435 830 4488 pro
848 4419 926 4473 rzobis
941 4419 1039 4486 fucere
1057 4417 1112 4472 sibi
1128 4419 1205 4473 uisus
1224 4428 1265 4474 est
