3046 5092
239 337 326 378 xxxu
648 337 689 378 DE
703 337 816 378 comcs
829 336 1066 380 MEDIOLANENSI.

239 485 379 557 11111112,
410 487 457 558 12,
482 486 520 558 3,
554 502 698 560 conpesco
723 485 751 557 7,
778 486 833 556 10,
858 485 897 556 3,
924 488 1069 560 conpescit
1093 489 1129 556 4,
1154 486 1187 558 6,
1211 486 1250 558 2,
1284 490 1474 561 conplectens

242 595 276 666 7,
309 592 344 665 8,
376 594 416 666 4,
457 593 716 668 conpleriqne'b,
749 593 806 662 40,
839 591 878 663 3,
919 595 1130 667 conpositisque
1162 594 1194 664 5,
1219 593 1284 664 35,
1316 593 1356 664 3,
1401 611 1472 653 con-

234 702 327 776 positi
353 701 402 772 11,
427 701 463 771 5,
488 700 527 771 3,
555 703 731 775 conponitur
756 701 790 770 4,
817 699 852 770 3,
877 699 916 770 3,
943 701 1107 774 conprendi
1131 700 1159 770 7,
1183 702 1219 772 4,
1247 701 1283 771 1,
1310 717 1474 775 conpresso

242 812 279 880 5,
318 808 355 878 4,
396 807 434 891 2,
483 823 644 881 conpressis
683 806 718 871 7,
761 807 794 877 1,
834 804 853 863 2
866 829 873 877 ;
915 823 933 863 e
970 803 1084 884 quibus
1121 805 1163 865 ad
1201 804 1361 883 scriptoris
1402 825 1472 866 ora-

240 913 359 974 tionem
391 911 645 971 constituendam
678 911 711 970 id
741 911 877 989 sumpsi,
909 920 942 970 ut
972 920 1045 971 ante
1072 931 1094 987 p
1126 919 1157 970 et
1187 917 1199 971 l
1231 929 1287 972 con
1317 911 1472 973 intactum

241 1018 464 1097 relinquerem,
496 1024 569 1077 ante
599 1015 732 1097 reliquas
763 1015 882 1077 litteras
912 1015 1055 1077 codicem
1087 1036 1249 1096 sequerer,
1280 1018 1370 1098 quod
1394 1019 1488 1079 item'

241 1126 326 1185 tenui
349 1127 379 1185 in
403 1123 533 1184 uocibus
555 1127 770 1196 rurrimouendr,
799 1127 1007 1196 nrmnn‘ttendi,
1037 1121 1195 1217 similibus.
1249 1123 1374 1204 Quibus
1403 1145 1471 1185 om-

242 1232 334 1293 nibus
365 1240 397 1291 et
428 1230 544 1291 codicis
576 1239 608 1289 et
639 1230 768 1291 rationis
799 1249 862 1308 ope
885 1230 928 1290 ita
958 1230 1135 1290 constitutis
1166 1229 1282 1291 iactum
1311 1240 1359 1292 est
1385 1240 1419 1292 ut
1442 1232 1471 1291 in

242 1338 303 1398 hac
325 1336 560 1398 adsimilationis
591 1356 707 1416 genere
731 1336 883 1397 Haasium
915 1335 978 1396 fere
1008 1338 1096 1415 sequi
1124 1336 1230 1397 liceret
1253 1356 1373 1417 magno
1398 1358 1471 1398 meo

242 1445 359 1524 gaudio
384 1464 447 1505 non
471 1463 600 1523 prorsus
622 1444 811 1522 interruptis·
825 1442 1019 1516 staminibus
1043 1443 1156 1523 quibus
1172 1451 1281 1505 nostra
1296 1463 1369 1504 cum
1394 1443 1472 1504 illius

242 1571 339 1632 opera
370 1550 549 1631 copulatur,
581 1570 620 1610 eo
653 1552 753 1628 magis
783 1550 871 1629 quod
893 1549 944 1609 uel
968 1551 1108 1609 maxime
1131 1551 1160 1609 in
1184 1549 1279 1610 rebus
1303 1549 1470 1630 orthogra-

243 1657 341 1737 phicis
372 1667 479 1718 tamen
510 1657 584 1717 satis
616 1656 749 1746 multum
780 1655 821 1716 ab
852 1675 891 1716 eo
930 1657 1143 1716 recedendum
1175 1664 1243 1716 erat
1273 1657 1370 1737 idque
1402 1659 1472 1738 ipso

244 1764 353 1824 codice
384 1764 464 1824 duce
495 1771 528 1823 et
559 1772 696 1824 auctore.
744 1761 795 1823 Ac
826 1763 966 1842 primum
993 1763 1121 1841 quidem
1153 1750 1338 1824 constanter
1360 1783 1376 1823 s
1399 1774 1472 1844 post

244 1891 282 1932 ecc
311 1871 341 1931 in
372 1870 476 1930 uerbis
506 1869 679 1950 conpositis
711 1869 816 1931 codex
847 1869 959 1942 abicit,
991 1871 1183 1948 paucissimis
1211 1869 1325 1930 diuersi
1348 1871 1472 1950 generis

242 1976 397 2057 exemplis
421 1977 554 2048 relictis;
581 1979 665 2037 idem
690 1980 852 2052 qrrendnm,
877 1980 1015 2048 eirndem,
1039 1979 1207 2047 eorundem,
1231 1979 1418 2052 quorundum
1441 1985 1473 2037 et

243 2103 325 2164 quae
355 2091 428 2143 sunt
458 2083 567 2144 similia
598 2082 749 2142 exhibere
780 2090 980 2161 perseuerat,
1015 2086 1160 2158 quidquid
1188 2101 1382 2161 quamquam
1414 2102 1472 2143 nec

244 2209 370 2268 semper
401 2197 488 2249 tenet
519 2197 551 2249 et
582 2191 704 2269 saepius
736 2188 911 2266 corrigendi
942 2208 1040 2268 opera
1070 2187 1172 2248 forma
1208 2192 1347 2264 quicquid
1376 2189 1473 2250 inlata

244 2296 460 2357 oblitteratum
485 2295 597 2368 habet,
631 2294 719 2354 facile
750 2305 857 2354 tamen
886 2294 1032 2355 omnibus
1064 2295 1140 2356 locis
1163 2295 1379 2355 reuocandum
1404 2314 1473 2356 esse

244 2405 394 2483 apparuit.
449 2402 515 2462 Iam
546 2401 679 2482 reliquas
710 2401 827 2461 formas
858 2421 936 2481 quas
975 2410 1009 2462 ut
1040 2402 1185 2462 meliores
1216 2403 1247 2462 in
1278 2402 1472 2463 deteriorum

244 2509 348 2570 locum
373 2511 543 2571 succedere
565 2510 651 2570 iussit
674 2517 762 2569 aetas
786 2516 910 2580 nostra,
942 2507 1149 2569 Fleckeiseno
1181 2509 1320 2568 maxime
1343 2515 1473 2568 auctore

157 2607 159 2610 Α
204 2635 226 2682 ·,
245 2625 276 2677 et
307 2609 445 2697 principe
474 2617 541 2695 ipse
571 2635 699 2695 quoque
729 2616 850 2676 seruaui
878 2635 1008 2688 omnes;
1042 2614 1209 2694 singularia
1232 2615 1408 2694 quaedam,
1440 2625 1473 2675 ut

244 2729 470 2800 neoptolemum,
494 2732 619 2795 mortus,
648 2733 841 2798 propreruos,
873 2741 987 2795 susum,
1016 2724 1159 2783 balineum
1184 2724 1214 2782 in
1242 2721 1472 2790 commentario

244 2838 426 2891 tractantur.
474 2829 635 2891 Nonnulla
656 2839 691 2891 ut
726 2830 775 2891 hic
806 2830 940 2903 addam,
958 2827 1179 2890 memorabile
1202 2837 1265 2900 est,
1297 2827 1386 2906 quod
1415 2847 1473 2887 nec

243 2941 362 3013 suspirio
386 2957 444 2997 nec
467 2941 622 2998 conuitium
648 2935 745 2998 habet
769 2957 919 3017 umquam
936 2938 993 2997 nisi
1016 2937 1103 3016 quod
1129 2937 1157 3008 7,
1188 2939 1233 3008 15,
1258 2934 1276 2995 3
1301 2939 1472 3010 suspicioso,

243 3042 296 3103 ubi
319 3048 347 3103 ic
369 3044 399 3104 in
424 3063 531 3104 rasura
553 3052 619 3117 est,
651 3063 828 3123 repugnare
852 3044 949 3103 uideri
979 3051 1106 3122 potest3
1134 3061 1198 3123 quo
1222 3043 1325 3101 minus
1342 3040 1482 3121 Hauptii'

243 3150 273 3210 in
297 3150 437 3210 Hermae
458 3150 513 3224 IV,
539 3170 570 3229 p.
598 3152 655 3211 147
678 3148 775 3230 (Opp.
794 3149 844 3222 ΙΙΙ,
871 3154 945 3215 4561
971 3147 1089 3210 formas
1112 3153 1232 3226 snrspilio
1257 3155 1290 3208 et
1313 3152 1472 3209 conuitium

244 3258 307 3316 iure
338 3276 395 3318 suo
428 3256 581 3316 reicientis
611 3257 800 3317 sententiam
832 3257 920 3335 sequi
952 3256 1099 3316 dubitaui.
1146 3255 1283 3316 Artioris
1311 3255 1473 3336 praeposi·

243 3363 335 3422 tionis
351 3382 423 3422 cum
440 3363 569 3422 nomine
583 3363 820 3434 coniunctionis
844 3361 943 3440 qualis
959 3363 1045 3442 apud
1069 3361 1213 3423 Plautum
1238 3370 1269 3421 et
1287 3361 1472 3422 Terentium

243 3471 327 3549 (uide
348 3467 656 3529 Ritschelii'srin.11
680 3470 742 3532 ind.
767 3478 799 3531 et
822 3468 1067 3550 Umplenbachii
1090 3467 1185 3549 praei.
1209 3470 1251 3528 ad
1274 3467 1346 3529 Ter.
1369 3489 1392 3548 p
1421 3465 1473 3546 14)

243 3583 383 3655 apparet,
408 3573 558 3655 exempla
581 3574 680 3635 habes
707 3579 756 3649 11,
784 3579 832 3649 14,
856 3580 874 3639 3
900 3586 977 3650 11111,
1008 3580 1056 3650 10,
1082 3577 1152 3648 7,·7
1180 3586 1297 3652 oporte,
1325 3578 1353 3648 5,
1380 3575 1475 3648 23‚2'

243 3735 411 3808 ultorelnm3
451 3732 482 3801 l,
507 3730 545 3801 3,
570 3729 588 3789 6
618 3731 748 3803 offocurn
773 3688 906 3810 (adsoni,
927 3714 1005 3808 xpost
1030 3748 1049 3790 u
1074 3734 1161 3802 ras),
1185 3727 1371 3807 quibuscum
1396 3747 1472 3787 con-

243 3869 371 3949 iungere
400 3868 474 3930 licet
499 3847 722 3932 exSr'nrilitndr'ne
749 3874 805 3944 11,
838 3872 865 3944 7,
894 3877 912 3953 ti
938 3878 970 3930 et
994 3848 1151 3931 ex⁸ordido
1177 3875 1212 3944 6,
1237 3871 1296 3944 23,
1319 3874 1350 3943 4,
1381 3890 1473 3950 quae,

242 3976 267 4036 si
291 3975 528 4037 recordabimur
558 3998 573 4037 s
603 3985 678 4058 post
710 3997 748 4038 eoo
778 3977 809 4037 in
837 3976 940 4038 uerbis
965 3977 1136 4056 conpositis
1160 3976 1301 4063 abiectae
1324 3986 1473 4037 constan-

241 4083 334 4157 tiam,
365 4084 439 4163 quin
463 4082 538 4143 olim
569 4084 685 4164 scripta
708 4084 770 4144 sint
792 4088 937 4145 exordido
961 4096 993 4144 et
1017 4088 1227 4145 exirnilr'tudine
1250 4083 1395 4145 dubitare
1418 4084 1475 4144 uix

243 4188 322 4250 licet.
371 4188 491 4250 Contra
513 4189 589 4250 nihil
612 4191 742 4251 subesse
765 4191 945 4271 scripturae,
976 4189 1100 4271 qualem
1126 4191 1280 4252 habemus
1312 4194 1344 4265 1,
1369 4193 1405 4266 3,
1434 4194 1473 4252 10

129 4343 131 4347 ,
243 4301 352 4358 uncxio
385 4307 416 4357 et
448 4300 484 4372 6,
520 4299 573 4372 11,
609 4299 627 4358 3
660 4302 790 4359 ancxioe
825 4298 891 4358 iure
921 4299 1114 4359 contendere
1155 4299 1277 4359 uidetur
1310 4297 1474 4379 Hauptius

242 4410 376 4482 quaestt.
402 4402 505 4465 Catuli
543 4404 632 4479 1837,
657 4424 686 4484 p.
711 4405 753 4463 24
779 4401 876 4484 (Opp.
901 4404 923 4477 I,
951 4404 1010 4478 181.
1367 4402 1372 4413 '
