3046 5092
379 336 458 378 DIAL.
475 336 512 378 Vl.
542 336 583 377 AD
598 333 741 376 Manciam
759 335 800 375 DE
813 332 1055 376 CONSOLATlONE.
1087 335 1118 376 lt.
1297 336 1357 397 133

127 507 184 563 ea,
216 506 261 547 ex
292 485 405 567 quibus
436 484 508 545 nihil
541 484 646 563 gaudii
678 481 875 563 laetitiaeque
906 488 1122 563 perceperunt.
1168 481 1193 541 si
1217 478 1361 542 confessa

126 592 225 655 fueris
256 592 435 673 percepisse
466 610 598 671 magnas
627 588 820 671 uoluptates,
852 598 980 671 oportet
1004 597 1035 650 te
1058 607 1122 649 non
1146 590 1187 649 de
1210 608 1249 648 eo
1273 587 1361 668 quod

89 712 106 764 2
128 700 312 762 detractum
336 707 384 759 est
407 698 507 778 queri,
532 697 589 758 sed
613 698 654 757 de
678 716 717 757 eo
741 698 857 777 gratias
881 715 976 776 agere
999 696 1086 776 quod
1110 695 1249 774 contigit.
1288 713 1360 773 pro-

127 806 285 868 uenerunt
310 805 392 866 enim
416 805 492 866 satis
516 804 622 883 magni
646 802 762 865 fructus
786 803 931 864 laborum
955 811 1080 863 tuorum
1105 821 1147 862 ex
1163 802 1230 882 ipsa
1246 800 1360 861 educa-

127 913 228 987 tione,
251 913 309 973 nisi
331 910 413 972 forte
436 909 477 984 hi,
501 912 554 991 qui
578 910 699 972 catulos
722 929 859 990 auesque
884 919 915 971 et
935 908 1046 971 friuola
1061 909 1237 971 animorum
1255 905 1389 968 obla-s

127 1027 277 1082 tamenta
307 1037 431 1092 summa
461 1016 622 1097 diligentia
652 1017 805 1089 nutriunt,
838 1016 978 1078 fruuntur
1008 1015 1110 1097 aliqua
1132 1015 1297 1095 uoluptate
1321 1031 1362 1072 ex

128 1126 203 1187 uisu
233 1134 383 1206 tactuque
411 1132 443 1185 et
465 1123 584 1185 blanda
601 1123 787 1189 adulatione
812 1133 986 1198 mutorum,
1018 1122 1134 1185 liberos
1158 1123 1363 1186 nutrientibus

50 1272 55 1277 -
128 1253 201 1294 non
237 1231 354 1294 fructus
390 1232 585 1293 educationis
621 1231 688 1312 ipsa
719 1232 865 1293 educatio
896 1240 952 1292 est.
998 1230 1069 1293 licet
1100 1233 1205 1312 itaque
1235 1229 1278 1291 nil
1307 1228 1364 1290 tibi

59 1355 61 1360 ·
128 1339 288 1417 industria
311 1339 376 1400 eius
399 1336 573 1410 contulerit,
597 1335 671 1398 nihil
695 1336 1076 1421 diligentia-custodierit,
1100 1337 1173 1399 nihil
1198 1336 1364 1419 prudentia

88 1460 105 1512 3
129 1446 275 1522 suaserit,
300 1443 404 1528 ipsum*
426 1445 514 1526 quod
537 1443 682 1516 habuisti,
706 1445 794 1524 quod
818 1445 938 1519 amasti,
962 1443 1080 1507 fructus
1103 1455 1159 1507 est.
1205 1455 1238 1507 at
1262 1446 1366 1527 potuit
1381 1456 1404 1495 ¹⁰

128 1553 261 1633 longior
291 1571 361 1613 esse
393 1550 526 1631 [maior]
581 1549 691 1612 melius
721 1560 828 1612 tamen
859 1560 965 1612 tecum
997 1562 1102 1614 actum
1134 1561 1182 1613 est
1212 1572 1307 1634 quam
1340 1552 1364 1612 si

130 1660 266 1721 omnino
289 1679 354 1720 non
377 1646 575 1737 contigisset,
599 1658 749 1738 quoniam
773 1658 798 1718 si
821 1667 957 1738 ponatur
980 1658 1108 1734 electio,
1141 1669 1245 1721 utrum
1269 1658 1365 1719 satius

131 1768 176 1828 sit
200 1786 263 1827 non
287 1767 340 1826 diu
363 1764 486 1826 felicem
510 1784 579 1825 esse
603 1784 643 1824 an
667 1752 849 1845 n'umquam,
874 1764 983 1825 melius
1007 1775 1054 1827 est
1078 1767 1253 1828 discessura
1272 1765 1365 1826 nobis

132 1872 224 1934 bona
246 1892 342 1953 quam
365 1870 449 1934 nulla
472 1872 663 1951 contingere.
709 1881 855 1933 utrumne
879 1872 988 1934 malles
1013 1873 1204 1957 degenerem
1229 1872 1364 1953 aliquem
1415 1953 1416 1959 ἵ

133 1988 170 2042 et
194 1998 359 2041 numerum
383 1986 507 2040 tantum
531 1999 712 2060 nomenque
735 1978 787 2039 filii
811 1957 1010 2060 expleturum
1036 1979 1182 2056 habuisse
1204 2001 1243 2042 an
1258 1989 1366 2041 tantae
1383 1990 1405 2028 ¹⁵

133 2084 266 2160 indolis,
298 2097 435 2167 quantae
465 2095 537 2146 tuus
568 2084 644 2147 fuit?
676 2087 795 2147 iuuenis
819 2087 882 2147 cito
905 2088 1060 2168 prudens,
1091 2089 1155 2149 cito
1186 2088 1271 2168 pius,
1303 2088 1366 2148 cito

135 2195 276 2268 maritus,
300 2194 363 2255 cito
386 2201 485 2273 pater,
509 2193 573 2254 cito
598 2193 701 2253 omnis
717 2191 809 2253 officii
826 2194 974 2267 curiosus,
998 2195 1062 2255 cito
1078 2194 1235 2268 sacerdos
1261 2195 1367 2255 omnia

92 2314 110 2366 4
137 2309 207 2363 tam
223 2299 424 2380 praestantia
447 2320 543 2380 quam
567 2319 710 2381 propera.
726 2347 728 2350 >
742 2299 815 2360 nulli
837 2298 903 2361 fere
927 2320 1044 2381 magna
1067 2302 1152 2362 bona
1175 2311 1207 2362 et
1222 2302 1367 2363 diuturna

135 2408 333 2488 contingunt.
378 2426 442 2466 non
473 2405 566 2466 durat
596 2426 655 2467 nec
685 2407 726 2467 ad
758 2404 902 2468 ultimum
935 2409 1002 2469 exit
1032 2409 1088 2469 nisi
1111 2407 1196 2469 lenta
1218 2406 1362 2470 felicitas:

135 2513 235 2575 filium
265 2513 323 2574 tibi
354 2514 386 2575 di
416 2512 599 2574 inmortales
629 2533 694 2574 non
726 2514 777 2574 diu
809 2514 910 2575 daturi
941 2516 1048 2576 statim
1079 2514 1175 2575 talem
1200 2515 1365 2590 dederunt,
1379 2526 1405 2568 ²0
1433 2554 1435 2558 ,

134 2619 238 2704 qualis
269 2619 322 2681 diu
352 2618 432 2681 effici
455 2629 571 2700 potest.
617 2639 657 2681 ne
680 2620 756 2682 illud
779 2623 908 2701 quidem
932 2623 1038 2683 dicere
1060 2630 1153 2703 potes
1176 2621 1310 2685 electam
1333 2632 1366 2684 te

135 2749 156 2790 a
181 2729 239 2802 dis,
261 2727 311 2788 cui
333 2725 390 2788 frui
413 2747 479 2788 non
501 2726 607 2789 liceret
631 2726 711 2789 filio:
738 2729 829 2788 circui
852 2748 909 2809 per
932 2749 1062 2791 omnem
1086 2738 1252 2805 notorum,
1275 2730 1365 2811 igno-

137 2845 246 2897 torum
269 2832 476 2915 frequentiam
501 2834 606 2908 oculis,
631 2843 795 2895 occurrent
819 2835 876 2895 tibi
898 2836 982 2916 passi
1005 2835 1121 2916 ubique
1137 2838 1264 2918 maiora.
1296 2857 1365 2898 sen-

136 2950 247 3003 semnt
278 2941 338 3002 ista
366 2942 473 3021 magni
504 2942 617 3014 duces,
650 2949 813 3002 senserunt
845 2942 1009 3023 principes
1056 2962 1096 3002 ne
1127 2943 1206 3004 deos
1236 2943 1366 3023 quidem

136 3102 352 3110 ...ἡ-,ῆ-

138 3198 252 3250 fnichil
355 3205 515 3262 percepemnt
536 3196 657 3266 Lipsius:
678 3163 838 3263 perceperant
940 3198 1005 3251 ‘tte
1024 3197 1062 3267 (iu
1080 3199 1148 3266 rus.)
1251 3199 1318 3252 une
1336 3216 1366 3248 eo

137 3289 207 3352 qnod
225 3272 320 3351 gratias
332 3283 392 3341 cod.
412 3288 479 3350 quod
497 3301 536 3339 aa·
553 3286 698 3355 superiore
716 3288 747 3336 de
766 3305 796 3336 eo
815 3289 882 3352 quod
900 3288 1042 3357 repetitum
1061 3304 1112 3341 om.
1126 3287 1189 3342 aen.
1263 3290 1367 3353 conligit

137 3374 250 3429 Haase:
271 3376 368 3440 colligit
457 3382 618 3440 prouenerunt
637 3374 803 3429 deteriores:
824 3384 984 3441 peruenerunt
1073 3377 1090 3428 4
1109 3395 1138 3428 ex
1155 3379 1209 3443 ipsa
1222 3379 1367 3428 educatione

138 3501 164 3569 (a
184 3517 199 3550 e
217 3499 244 3553 t'u
264 3500 333 3566 rus.)
424 3500 485 3553 ohi
505 3499 542 3567 (iu
562 3502 630 3565 rus.)
721 3477 957 3567 oex¹¹¹su.tactuq;
974 3504 1014 3568 lt
1033 3502 1060 3555 fu
1079 3504 1145 3569 ros.)
1247 3503 1367 3554 indula-

137 3593 232 3640 tione*
335 3587 523 3641 Seducationis
542 3587 682 3642 Muretus:
704 3591 792 3640 educat
893 3593 947 3657 ipsa
967 3593 1081 3642 educatio
1107 3592 1145 3658 (sa
1164 3592 1191 3644 t'n
1211 3608 1266 3645 ras.
1286 3592 1366 3644 trium

135 3677 202 3747 scre
219 3677 383 3742 litterarum)
474 3679 585 3730 unichil
681 3679 715 3731 10
734 3681 835 3729 suaserit
854 3677 980 3733 Fickert:
1002 3699 1045 3731 sua
1141 3681 1172 3732 lt
1192 3683 1272 3730 maior
1290 3680 1367 3732 uuct's

117 3819 120 3822 ,
138 3765 251 3822 inclusit
263 3765 366 3834 Haase,
386 3772 467 3830 reate,
485 3765 589 3837 siquid
606 3766 694 3830 uideo,
712 3782 772 3821 aunt
791 3767 1010 3838 naamaqnitudo
1027 3769 1138 3836 fructus
1156 3768 1200 3823 tria
1217 3775 1367 3839 quaeratur

139 3873 191 3911 nea
209 3854 360 3910 conlocatio
373 3853 501 3925 placeam
522 3854 579 3910 alia
597 3857 670 3909 ratio
688 3861 730 3910 est
748 3856 802 3910 loci
820 3859 843 3923 3,
863 3861 879 3909 4
960 3859 992 3911 12
1012 3860 1113 3909 omnino
1132 3876 1182 3908 non
1201 3858 1364 3913 deteriores:

139 3947 244 3997 omnino
351 3947 428 3996 satius
444 3947 476 3996 sit
501 3944 579 4012 (toea
593 3951 709 4016 praeter
728 3948 762 3996 ati
781 3948 808 4000 in
827 3947 894 4013 ras.)
1005 3948 1037 3998 15
1058 3954 1124 4012 tante
1143 3947 1242 4017 (prior
1256 3946 1366 4012 tcorr.)

232 4034 265 4087 16
291 4041 344 4084 tuus
369 4037 404 4100 (tu
423 4034 451 4086 fu
469 4035 536 4102 rat.)
627 4037 681 4100 pius
700 4036 718 4101 (i
737 4035 763 4087 fu
783 4037 851 4102 ras.)
950 4035 982 4088 17
1000 4039 1124 4088 sacerdo
1214 4038 1298 4085 omnia
1316 4041 1366 4084 tam

139 4114 292 4190 praestantia
317 4140 391 4187 qnam
415 4140 522 4189 propera
548 4123 639 4176 Koch:
667 4127 735 4174 omia
754 4128 856 4190 tamqust
881 4141 987 4190 propera
1013 4126 1077 4190 (nou
1096 4124 1260 4190 praepopera)

140 4265 178 4320 20
196 4266 232 4315 dii
249 4266 403 4316 immortales
487 4266 519 4319 21
540 4267 622 4316 dicere
641 4249 722 4340 potes}
813 4267 847 4320 22
866 4226 920 4316 adis
1004 4270 1098 4324 circui,
1113 4309 1119 4321 .
1134 4268 1231 4321 ,oculis
1249 4265 1367 4341 Lipsius,

141 4363 314 4446 circumfer..
329 4404 335 4417 .
350 4363 436 4414 oculos
455 4361 483 4416 If
488 4365 512 4414 ⁴:
534 4366 610 4413 circui
624 4406 629 4419 .
645 4407 651 4418 .
666 4405 672 4418 .
686 4366 772 4414 oculos
870 4365 903 4417 23
924 4366 1032 4429 ubique
1055 4365 1082 4431 (b
1102 4380 1174 4418 corr.
1195 4365 1278 4431 exp)

142 4451 180 4506 24
202 4453 285 4527 dulces
375 4460 498 4504 senserunt
516 4453 613 4524 uulpo:
635 4456 752 4503 senserint
