3046 5092
425 347 502 388 mat.
518 347 544 388 V.
573 347 613 386 DE
628 347 681 386 lRA
695 346 750 388 ΗΒ.
766 346 807 390 ΙΙΙ.
838 348 965 389 turult.
1267 352 1307 412 95

85 498 292 556 suumnosse
317 505 349 556 et
372 497 452 555 uires
476 494 541 554 eius
564 503 735 574 antequam
767 493 940 572 spatientur
968 495 1156 571 opprimere.
1202 492 1308 552 uidea-

88 621 153 678 mps
175 601 254 682 quid
277 603 324 674 sit,
354 601 441 680 quod
464 620 522 660 nos
547 602 687 661 maxime
710 589 855 660 concitet.
894 599 988 660 alium
1013 598 1191 671 uerborum,
1215 597 1307 659 alium

87 727 187 767 rerum
212 705 422 767 contumeliae
446 713 586 785 mouent
632 704 682 765 hic
706 704 772 767 uult
803 704 970 778 nobilitati,
1002 705 1052 766 hic
1083 704 1203 766 formae
1233 725 1309 766 suae

86 813 177 892 parci.
216 811 267 873 hic
290 811 539 891 elegantissimus
563 810 671 872 haberi
696 812 790 891 cupit,
813 810 864 872 ille
884 812 1092 873 doctissimus,
1127 810 1177 872 hic
1200 832 1328 891 super-¹

85 919 153 980 biae
176 920 331 999 inpatiens
355 927 411 992 est,
435 918 485 978 hic
509 919 732 979 contumaciae.
780 917 830 979 ille
860 938 970 1000 seruos
993 938 1058 978 non
1081 927 1171 998 putat
1195 918 1335 998 dignosa

84 1025 196 1105 quibus
226 1027 384 1097 irascatur,
419 1024 468 1085 hic
498 1025 579 1086 intra
610 1024 741 1086 domum
775 1045 888 1086 saeuus
920 1032 983 1098 est,
1015 1024 1088 1085 ioris
1120 1025 1210 1086 mitis.
1260 1024 1309 1085 ille

83 1131 187 1212 rogari
210 1132 361 1192 inuidiam
386 1131 514 1204 iudicat,
538 1130 589 1191 hic
613 1151 677 1191 non
701 1134 804 1208 rogari
829 1130 1062 1193 contumeliam.
1108 1152 1172 1192 non
1197 1151 1309 1192 omnes

82 1238 122 1298 ab
158 1237 271 1300 eadem
302 1247 392 1318 parte
423 1236 593 1298 feriuntur·
626 1237 703 1297 scire
735 1237 841 1315 itaque
872 1246 1011 1317 oportet,
1043 1238 1119 1316 quid
1150 1241 1180 1299 in
1208 1248 1240 1298 te
1263 1238 1306 1297 in-

82 1344 228 1405 becillum
251 1345 300 1417 sit,
324 1353 358 1404 ut
381 1343 411 1404 id
436 1343 576 1405 maxime
600 1353 761 1423 protegas.

46 1465 56 1515 t
171 1451 226 1512 XI.
266 1451 340 1511 Non
371 1450 502 1530 expedit
533 1431 641 1511 omnia
663 1450 784 1523 uidere,
815 1451 922 1511 omnia
945 1450 1061 1510 audire.
1107 1449 1226 1510 multae
1249 1470 1308 1510 nos
1326 1475 1347 1510 ru

80 1559 208 1619 iniuriae
240 1566 417 1630 transeant,
448 1576 490 1617 ex
521 1556 634 1635 quibus
664 1555 831 1636 plerasque
861 1576 927 1617 non
966 1556 1078 1635 accipit
1116 1556 1169 1636 qui
1200 1559 1307 1618 nescit.

80 1684 145 1725 non
177 1665 223 1724 uis
255 1683 325 1724 esse
355 1664 541 1724 iracundus?
573 1682 613 1722 ne
636 1661 729 1723 fueris
761 1665 909 1726 curiosus.
954 1663 1007 1743 qui
1030 1662 1155 1743 inquirit
1178 1663 1254 1742 quid
1277 1663 1307 1722 in

79 1791 114 1832 se
139 1773 259 1832 dictum
285 1769 333 1844 sit,
356 1773 408 1850 qui
431 1769 587 1849 malignos
610 1788 782 1843 sermones,
812 1770 935 1831 etiamsi
958 1779 1081 1830 secreto
1104 1768 1204 1830 habiti
1226 1779 1307 1841 sunt,

80 1877 176 1951 eruit,
208 1897 242 1938 se
273 1878 341 1956 ipse
371 1877 530 1955 inquietat.
577 1877 734 1956 quaedam
766 1877 992 1955 interpretatio
1014 1896 1053 1936 eo
1080 1877 1241 1956 perducit,
1273 1884 1306 1934 ut

78 1985 247 2045 uideantur
269 1983 402 2043 iniuriae.
441 1982 546 2060 itaque
569 1981 628 2042 alia
651 1980 827 2043 differenda
850 1991 936 2055 sunt,
960 1981 1020 2044 alia
1044 1981 1224 2056 deridenda,
1247 1980 1307 2042 alia
1325 2004 1346 2042 u

38 2091 240 2152 2donanda.
301 2087 585 2149 circumscribenda
617 2086 722 2148 multis
753 2089 858 2148 modis
896 2091 941 2150 ira
979 2100 1034 2150 est.
1096 2087 1245 2168 pleraque
1276 2089 1307 2148 in

78 2197 182 2257 lusum
214 2197 381 2276 iocumque
414 2203 582 2255 uertantur.
641 2193 806 2256 Socratem
837 2195 923 2256 aiunt
953 2195 1090 2274 colapho
1122 2215 1305 2276 percussum

78 2302 154 2364 nihil
177 2302 309 2382 amplius
327 2302 443 2363 dixisse
466 2321 561 2382 quam
579 2300 748 2362 molestum
773 2321 851 2375 esse,
876 2304 964 2381 quod
984 2305 1138 2363 nescirent
1152 2301 1305 2374 homines

37 2423 53 2472 3
78 2411 208 2489 quando
240 2430 313 2470 cum
344 2409 434 2489 galea
465 2408 590 2487 prodire
621 2407 785 2469 deberent.
811 2399 896 2468 ⁸non
927 2409 1199 2489 quemadmodum
1224 2407 1306 2468 lacta

76 2519 117 2578 sit
141 2516 248 2576 iniuria
272 2514 378 2588 refert,
402 2516 459 2575 sed
482 2514 757 2593 quemadmodum
785 2514 857 2576 lata.
894 2535 963 2576 -nec
986 2517 1081 2576 uideo
1104 2535 1202 2596 quare
1227 2513 1302 2575 diffi.
1320 2534 1345 2572 ru

76 2622 143 2684 cilis
173 2622 212 2683 sit
243 2621 436 2694 moderati0,
467 2641 539 2681 cum
578 2623 674 2681 sciam
713 2628 920 2698 tyrannorum
952 2642 1078 2703 quoque
1116 2623 1239 2683 tumida
1273 2630 1305 2680 et

76 2730 204 2790 fortuna
243 2738 275 2789 et
305 2726 429 2788 licentia
459 2727 583 2806 ingenia
613 2726 797 2788 familiarem
829 2727 887 2789 sibi
918 2729 1080 2789 saeuitiam
1112 2728 1304 2809 repressisse.

35 2836 275 2896 lPisistratum
307 2842 407 2907 certe,
444 2832 687 2894 Atheniensium
718 2841 905 2912 tyrannum,
945 2834 1118 2895 memoriae
1154 2833 1306 2914 proditur,

76 2961 151 3003 cum
175 2940 275 3001 multa
297 2940 327 2999 in
344 2939 559 3001 crudelitatem
576 2940 641 3000 eius
658 2939 763 3000 ebrius
779 2941 912 3001 conuiua
928 2941 1061 3001 dixisset
1084 2960 1142 3001 nec
1158 2941 1306 3001 deessent

75 3047 131 3127 qui
163 3046 279 3108 uellent
310 3067 422 3107 manus
454 3048 481 3106 ei
505 3048 713 3107 commodare
736 3056 769 3108 et
792 3044 868 3107 alius
892 3046 977 3120 hinc,
1009 3046 1085 3108 alius
1116 3046 1199 3108 illinc
1222 3045 1305 3106 faces
1320 3062 1345 3100 n

75 3153 267 3226 subderent,
297 3151 424 3234 placido
455 3156 561 3213 animo
592 3153 699 3214 tulisse
731 3161 763 3213 et
785 3153 848 3214 hoc
876 3152 1073 3215 imitantibus
1097 3155 1305 3232 respondisse,

76 3279 143 3321 non
175 3261 276 3339 magis
307 3258 348 3320 illi
379 3279 413 3320 se
444 3274 626 3347 suscensere
656 3278 752 3340 quarn
776 3260 801 3320 si
825 3260 893 3338 quis
922 3259 1069 3341 obligatis
1098 3259 1195 3321 oculis
1218 3261 1249 3320 in
1273 3280 1307 3320 se

75 3369 265 3428 incurrisset.
867 3361 879 3374 ⁸

43 3487 50 3534 Ι
169 3472 237 3532 ΧΠ.
277 3471 396 3551 Magna
426 3491 499 3551 pars
522 3471 674 3552 querellas
706 3491 801 3533 manu
833 3471 906 3534 fecit
934 3484 989 3533 aut
1016 3470 1093 3534 falsa
1116 3474 1306 3554 suspicando

76 3589 134 3641 aut
165 3579 246 3640 leuia
276 3578 490 3658 adgrauando.
537 3597 632 3657 saepe
663 3578 704 3638 ad
736 3598 795 3640 nos
823 3579 867 3639 ira
891 3580 991 3653 uenit,
1023 3582 1146 3660 saepius
1177 3599 1236 3640 nos
1265 3580 1305 3640 ad
1321 3601 1346 3641 30

76 3687 172 3748 illam.
204 3705 285 3765 quae
310 3704 483 3764 numquam
500 3685 688 3744 arcessenda
711 3693 768 3744 est.
799 3686 894 3744 etiam
918 3705 991 3745 cum
1015 3687 1131 3760 incidit,
1155 3687 1306 3750 reiciatur.

37 3808 175 3856 ‘Anemo
199 3792 274 3853 dicit
304 3790 381 3852 sibi:
416 3791 478 3851 hoc
505 3798 636 3870 propter
667 3792 754 3869 quod
785 3791 902 3851 irascor
939 3800 993 3852 aut
1024 3790 1082 3852 feci
1113 3801 1167 3854 aut
1198 3791 1307 3854 fecisse
1387 3790 1393 3800 ’

76 3898 170 3980 potui
224 3917 320 3958 nemo
345 3897 483 3957 animum
509 3895 657 3970 facientis
681 3897 738 3957 sed
761 3899 864 3977 ipsum
887 3899 1032 3958 aestimat
1056 3897 1189 3960 iactum:
1221 3900 1307 3980 atqui

77 4163 264 4216 ¹deontumelie
284 4163 307 4224 (e
325 4161 352 4212 iu
372 4160 439 4224 ras.)
509 4157 558 4208 ‘o
577 4159 638 4207 soris
657 4160 678 4224 (s
699 4162 782 4225 corr.)
890 4160 920 4213 13
939 4163 1011 4211 etiasi
1032 4163 1071 4226 (as
1089 4162 1115 4213 in
1135 4161 1203 4228 ras.)

80 4253 114 4305 14
133 4253 301 4316 interpretatio
410 4248 441 4301 18
461 4249 527 4312 quod
547 4248 575 4312 (d
593 4248 676 4314 corr.)
701 4297 703 4301 ,
784 4250 818 4301 Qu
837 4250 969 4307 irritantib3
993 4251 1081 4320 (prior
1100 4267 1111 4297 r
1130 4265 1168 4302 ex
1186 4269 1201 4299 n
1222 4251 1304 4316 corr.)

151 4341 184 4393 2?
203 4355 331 4389 sucensere
350 4344 424 4408 (post
442 4354 468 4385 su
488 4351 551 4396 ran,
568 4334 624 4404 suit
642 4337 663 4401 s)
738 4338 772 4390 29
786 4339 896 4402 querelas
916 4338 963 4402 (las
982 4339 1009 4390 in
1028 4341 1096 4405 ros.)
1170 4339 1204 4391 330
1217 4358 1306 4405 aggra-

78 4432 163 4480 uando
182 4429 271 4500 (prior
289 4445 307 4492 g
326 4425 409 4494 corr.)
482 4423 512 4477 31
536 4429 644 4490 numqua
664 4426 690 4489 (a
709 4425 736 4477 z'u
756 4426 823 4493 ros.)
898 4426 930 4478 33
951 4429 1017 4492 atqui
1037 4428 1056 4493 (t
1075 4433 1158 4493 corr.)
1182 4496 1184 4501 ¹
