3060 5078
222 345 284 405 244
420 339 497 380 DmL.
514 338 543 381 X.
571 337 614 377 AD
630 336 784 378 PAVLlNVM
800 337 841 376 DE
855 336 1027 378 BREVlTATE
1041 335 1140 379 VITAE.
1170 336 1203 378 19.
1218 336 1253 378 2⁰.

223 485 430 566 respondeat,
458 504 498 544 an
522 484 562 544 ad
594 482 672 545 haec
695 503 784 545 sacra
807 492 839 545 et
862 481 1007 544 sublimia
1028 483 1161 544 accedas
1185 479 1336 554 sciturus,
1366 498 1448 559 quae

223 591 354 653 materia
376 591 415 652 sit
440 591 503 664 dis,
535 610 616 670 quae
640 588 802 671 uoluptas,
831 609 913 670 quae
936 590 1090 663 condicio
1113 608 1195 669 quae
1218 586 1343 648 forma?
1380 586 1449 666 quis

223 698 362 759 animum
386 706 475 758 tuum
499 716 589 757 casus
613 704 771 777 expectet,
794 695 846 757 ubi
864 717 922 757 nos
939 717 957 758 a
973 694 1158 776 corporibus
1173 693 1322 756 dimissos
1339 701 1449 754 natura

223 807 403 884 conponat?
433 803 508 883 quid
531 803 571 864 sit
594 802 681 883 quod
705 801 794 864 huius
811 803 919 864 mundi
935 802 1121 882 grauissima
1135 817 1278 883 quaeque
1293 801 1327 862 in
1342 799 1448 861 medio

183 934 195 970 a
223 911 391 984 sustineat,
422 930 516 990 supra
539 908 619 970 leuia
641 909 828 990 suspendat,
852 910 883 970 in
906 929 1066 970 summum
1090 910 1197 988 ignem
1220 906 1316 981 serat,
1347 906 1449 968 sidera

223 1015 342 1078 uicibus
373 1017 436 1077 suis
467 1016 604 1077 excitet?
644 1025 749 1078 cetera
780 1017 928 1097 deinceps
959 1015 1137 1096 ingentibus
1167 1014 1262 1096 plena
1284 1012 1447 1075 miraculis

223 1123 269 1183 uis
307 1132 341 1183 tu
372 1121 480 1184 relicto
510 1122 580 1184 solo
612 1130 719 1184 mente
749 1123 791 1183 ad
822 1123 881 1183 ista
910 1122 1064 1203 respicere
1074 1125 1094 1208 ἒΔ
1124 1141 1222 1195 nunc,
1258 1122 1337 1182 dum
1369 1119 1468 1182 calet·

223 1230 365 1309 sanguis,
397 1228 575 1309 uigentibus
599 1221 734 1308 genibus
757 1230 798 1290 ad
822 1227 953 1290 meliora
976 1229 1114 1289 eundum
1139 1236 1195 1292 est
1242 1234 1395 1308 expectat
1417 1235 1447 1288 te

223 1337 253 1397 in
276 1335 339 1397 hoc
362 1355 478 1414 genere
502 1336 584 1397 uitae
608 1335 741 1397 multum
763 1334 919 1397 bonarum
936 1334 1058 1408 artium,
1081 1354 1173 1396 amor
1189 1335 1340 1396 uirtutum
1357 1345 1448 1414 atque

187 1463 209 1502 ιο
224 1463 306 1516 usus,
331 1442 547 1522 cupiditatium
572 1441 698 1516 obliui0,
723 1442 848 1502 uiuendi
872 1461 908 1503 ac
932 1442 1085 1502 moriendi
1101 1441 1240 1516 scientia,
1263 1440 1329 1503 alta
1344 1447 1445 1502 reruln

223 1549 318 1628 quies.
365 1549 506 1609 omnium
530 1548 660 1628 quidem
685 1556 912 1628 occupatorum
936 1547 1080 1609 condicio
1105 1548 1218 1609 misera
1242 1556 1307 1622 est,
1339 1566 1447 1608 eorum
1503 1560 1517 1610 3

223 1665 330 1716 tamen
356 1654 536 1727 miserrima,
560 1655 613 1735 qui
637 1675 675 1714 ne
699 1655 761 1714 suis
784 1654 913 1733 quidem
936 1652 1083 1716 laborant
1106 1654 1383 1736 occupationibus,
1408 1654 1452 1714 ad

223 1761 358 1822 alienum
383 1761 543 1823 dormiunt
567 1780 724 1834 somnum,
748 1762 789 1820 ad
813 1759 949 1822 alienum
973 1759 1136 1821 ambulant
1159 1755 1311 1840 gradum,
1343 1779 1458 1822 amare:

225 1876 256 1929 et
280 1868 393 1941 odisse,
417 1887 467 1927 res
490 1847 637 1941 omnium·
655 1865 837 1940 liberrimas,
861 1867 1014 1928 iubentur.
1047 1865 1079 1928 hi
1094 1868 1119 1928 si
1135 1866 1243 1928 uolent
1258 1867 1338 1929 scire
1354 1886 1459 1947 quam

187 1995 209 2034 n
224 1973 329 2035 breuis
352 1973 582 2054 ipsorum-uita
604 1974 652 2048 sit,
676 1974 816 2053 cogitent
840 1993 882 2034 ex
905 1981 1005 2053 quota
1026 1982 1116 2054 parte
1139 1993 1196 2035 sua
1218 1974 1266 2034 sit.

313 2079 385 2140 XX.
433 2078 513 2141 Cum
547 2080 661 2140 uideris
692 2081 797 2160 itaque
828 2087 1029 2158 praetextam
1060 2099 1156 2160 saepe
1186 2079 1248 2140 iam
1280 2088 1467 2160 sumptam,
1500 2085 1509 2135 1

225 2206 295 2247 cum
328 2185 452 2246 celebre
483 2187 512 2246 in
537 2185 606 2247 soro
630 2205 764 2260 nornen,
795 2205 835 2246 ne
858 2185 1021 2246 inuideris:
1056 2187 1115 2248 ista
1145 2187 1228 2247 uitae
1252 2187 1373 2247 damno
1396 2205 1464 2266 pa-

225 2300 339 2352 rantur.
372 2292 419 2352 ‘ut
443 2312 521 2352 unus
544 2291 586 2353 ab
610 2291 667 2352 illis
690 2299 872 2352 numeretur
895 2312 1002 2366 annus,
1026 2294 1129 2353 omnis
1153 2311 1252 2353 annos
1276 2311 1353 2353 suos
1377 2311 1470 2353 con-

225 2406 337 2472 terunt.
384 2398 541 2478 quosdam
577 2407 747 2478 antequam
784 2398 815 2458 in
851 2417 1010 2459 summum
1042 2397 1222 2460 ambitionis
1253 2399 1481 2467 eniterentur,

185 2525 211 2565 ro
225 2504 306 2565 inter
343 2507 445 2585 prima
483 2504 627 2566 luctantis
658 2513 745 2566 aetas
777 2503 905 2584 reliquit.
951 2506 1108 2585 quosdam
1140 2525 1212 2567 cum
1243 2505 1274 2564 in
1306 2523 1489 2566 consum-

226 2612 399 2671 mationem
424 2611 584 2691 dignitatis
607 2630 663 2691 per
687 2609 773 2671 mille
792 2592 992 2689 indignitates
1008 2611 1205 2692 erepsissent,
1228 2611 1345 2672 misera
1360 2611 1493 2673 subiit

226 2718 377 2797 cogitatio
409 2717 569 2778 laborasse
600 2719 684 2798 ipsos
717 2720 746 2777 in
777 2716 901 2779 titulum
933 2717 1072 2798 sepulcri.
1119 2720 1321 2798 quorundam
1345 2718 1495 2781 ultima

226 2817 386 2898 senectus,
415 2826 491 2885 dum
516 2825 546 2885 in
570 2845 669 2885 nouas
693 2844 765 2904 spes
788 2832 822 2884 ut
846 2824 973 2885 iuuenta
996 2825 1196 2904 disponitur‚‘
1217 2825 1299 2887 inter
1322 2833 1496 2888 conatus

228 2950 361 3010 magnos
386 2941 417 2992 et
442 2930 592 3011 inprobos
615 2930 750 2991 inualida
773 2928 895 2991 defecit.
942 2929 1055 2992 foedus
1079 2930 1141 3005 ille,
1165 2951 1261 3011 quem
1286 2933 1317 2993 in
1340 2931 1520 2993 iudicio?

187 3056 213 3095 ss
226 3058 284 3118 pro
317 3037 518 3116 ignotissimis
549 3035 757 3116 litigatoribus
789 3037 942 3115 grandem
974 3047 1049 3098 natu
1080 3046 1112 3099 et
1142 3038 1293 3120 inperitae
1316 3054 1496 3100 coronae

228 3145 432 3205 adsensiones
470 3151 650 3223 captantem
689 3144 814 3224 spiritus
854 3141 948 3223 liquit.
995 3144 1092 3224 turpis
1126 3144 1192 3218 ille,
1231 3145 1286 3224 qui
1318 3144 1497 3206 uiuendo

228 3249 327 3311 lassus
351 3250 439 3317 citius
462 3270 557 3328 quam
583 3248 758 3310 laborando
775 3250 855 3310 inter
870 3252 937 3330 ipsa
954 3248 1056 3311 officia
1073 3250 1240 3330 conlapsus
1257 3259 1313 3312 est.
1346 3253 1498 3332 turpis

228 3459 243 3512 2
270 3461 316 3508 diis
336 3459 436 3528 timp:
459 3462 491 3512 di.
513 3460 639 3527 (inrue.)
767 3461 782 3512 3
803 3476 847 3508 nos
866 3478 881 3509 a
899 3462 1044 3525 corporibus
1064 3459 1149 3530 Neap.
1171 3458 1217 3528 (cs.
1238 3460 1273 3514 de
1292 3470 1369 3513 const
1394 3471 1500 3526 eant.

230 3586 271 3646 19,
292 3588 321 3641 2;
343 3600 402 3654 epp.
418 3587 460 3646 49,
478 3588 523 3643 113
545 3602 590 3633 nos
610 3586 780 3650 ecorporibus
794 3582 933 3655 Medum:
954 3601 999 3634 uos
1012 3561 1138 3650 dorporib;
1160 3586 1186 3651 (2
1206 3584 1349 3648 incertum)

228 3707 399 3773 4componat
450 3721 452 3725 ·
500 3686 575 3773 quaem
649 3709 789 3776 isoio*
892 3709 1070 3774 8uigentibus
1089 3711 1192 3773 genibus
1212 3704 1288 3762 Koch
1308 3705 1502 3774 (uigentibus

229 3851 339 3901 sensibus
358 3847 498 3919 Maduiql:
520 3852 656 3914 uigentibus
764 3803 891 3916 expectatte
999 3850 1032 3903 10
1055 3852 1106 3900 alta
1125 3848 1187 3903 otim
1207 3865 1296 3906 cortu:
1317 3851 1366 3899 alia

232 3939 263 3992 13
291 3956 375 3989 amare
393 3946 416 3989 et
435 3940 517 3989 odisse
536 3955 573 3988 res
593 3937 756 3993 deteriores:
778 3941 973 3989 amarietodisset
992 3957 1029 3990 res
1119 3938 1152 3992 16
1171 3940 1284 3989 uideris*
1372 3934 1462 3989 12*
1477 3943 1502 3978 ¹¹0

229 4029 254 4077 in
272 4029 362 4078 uideris
380 4026 441 4080 eod.
460 4044 491 4077 ne
509 4029 624 4078 inuideris
640 4026 721 4082 Gertz
742 4027 898 4082 dubitanter
916 4046 964 4078 non
977 4030 1091 4078 inuideris
1104 4025 1186 4098 rrulqo
1278 4027 1311 4080 18
1329 4021 1500 4092 comeuml

231 4114 328 4169 Gertz:
349 4123 475 4167 conterent
585 4116 617 4168 19
647 4098 775 4182 antequam
794 4115 921 4171 Fickert:
943 4123 999 4167 ante
1023 4125 1056 4169 cri
1165 4118 1330 4167 ambitionis*

229 4204 261 4258 21
290 4208 434 4272 erepsissent
453 4189 618 4257 Pinet'mtus:
640 4207 771 4270 erupissent
861 4208 934 4256 subiit
952 4202 1093 4259 Muretus:
1114 4207 1179 4255 subit
1269 4205 1303 4259 25
1329 4196 1495 4269 impzlllle

229 4345 394 4401 deteriores:
416 4349 524 4413 inpedito
612 4306 788 4399 {ttiassensiones
879 4293 1021 4412 turpisffldue
1040 4345 1100 4401 eod.
1119 4346 1170 4400 sed
1187 4349 1329 4418 repetitum
1345 4344 1391 4394 ssle
1445 4331 1487 4386 ad·

230 4435 339 4489 modum
359 4436 484 4504 displicet
