3046 5092
236 337 300 399 258
405 332 484 376 DIAL.
500 332 540 376 xl.
568 334 611 374 nl)
626 333 762 375 HELVIAM
777 333 908 374 MA'l'REM
924 335 964 374 DE
980 332 1222 396 CONSQLAthtE.
1252 335 1286 376 10.

236 490 284 543 est
315 490 364 543 tot
388 481 506 543 artibus
529 483 630 543 uentri
653 481 878 543 seruientibus?
917 459 993 563 quid
1016 480 1218 543 mercaturis?
1257 481 1333 562 quid
1357 490 1461 544 uasta-

235 588 322 650 tione
352 587 521 650 siluarum?
560 588 636 668 quid
663 587 810 670 profundi
832 590 1100 669 perscrutatione?
1138 589 1257 669 passim
1280 588 1385 655 iacent
1408 588 1462 650 ali·

237 704 352 768 menta,
376 715 456 774 quae
480 715 584 756 rerum
608 703 719 756 natura
742 694 889 755 omnibus
913 694 989 756 locis
1013 695 1175 776 disposuit,
1198 695 1256 756 sed
1279 694 1360 757 haec
1376 693 1464 759 uelut

236 801 321 862 caeci
343 809 506 862 transeunt
529 809 561 862 et
584 820 696 862 omnes
719 802 863 881 regiones
887 809 1107 881 peruagantur‚
1132 801 1230 863 maria
1252 802 1398 865 traiciunt
1421 812 1463 877 et,

209 928 307 970 scum
331 906 449 968 famem
473 908 589 987 exiguo
613 907 735 988 possint
757 909 885 981 sedare,
910 928 1028 988 magno
1051 908 1185 969 inritant.
1213 907 1310 970 libet
1333 909 1458 972 dicere:
1494 935 1522 986 (

234 1015 309 1096 quid
340 1015 494 1076 deducitis
525 1017 643 1075 naues?
682 1015 757 1094 quid
786 1034 896 1075 manus
920 1023 952 1075 et
974 1015 1126 1076 aduersus
1149 1013 1230 1076 feras
1253 1024 1286 1078 et
1309 1016 1462 1078 aduersus

234 1120 379 1182 homines
403 1121 551 1182 armatis?
582 1121 657 1200 quid
679 1128 768 1181 tanto
789 1120 925 1183 tumultu
941 1121 1129 1183 discurritis?
1161 1121 1235 1202 quid
1251 1142 1331 1201 opes
1347 1122 1461 1204 opibus

234 1228 403 1307 adgeritis?
442 1248 506 1288 non
537 1226 631 1288 uoltis
662 1228 817 1307 cogitare,
848 1249 943 1309 quam
975 1248 1073 1309 parua
1104 1227 1196 1290 uobis
1213 1241 1360 1308 ‘corpora
1378 1230 1460 1292 sint?

234 1354 340 1395 nonne
371 1333 456 1396 furor
487 1343 519 1396 et
550 1333 677 1395 ultimus
709 1334 861 1395 mentium
893 1355 980 1396 error
1011 1344 1074 1409 est,
1105 1354 1178 1396 curn
1209 1343 1275 1397 tam
1307 1335 1460 1416 exiguum

196 1466 220 1506 ιο
235 1443 352 1525 capias,
376 1461 491 1523 cupere
514 1450 580 1500 tam
605 1439 758 1502 multum?
797 1440 868 1503 licet
891 1442 996 1521 itaque
1019 1444 1160 1521 augeatis
1183 1462 1304 1517 census,
1327 1463 1458 1524 promo-

234 1550 333 1610 ueatis
357 1548 453 1610 fines:
487 1568 659 1634 numquam
682 1557 790 1610 tamen
814 1569 948 1630 corpora
972 1557 1077 1610 uestra
1091 1533 1247 1610 laxabitis.
1287 1570 1361 1611 cum
1378 1548 1459 1611 bene

234 1657 361 1718 cesserit
385 1656 567 1736 negotiati0,
592 1656 726 1717 multum
751 1654 858 1717 militia
882 1654 1043 1730 rettulerit,
1067 1675 1139 1717 cum
1161 1656 1300 1737 indagati
1318 1628 1458 1738 bndique

231 1763 294 1825 cibi
318 1764 460 1837 coierint,
485 1784 549 1824 non
572 1762 736 1837 habebitis,
760 1763 813 1824 ubi
837 1764 914 1850 istos
937 1759 1107 1844 adparatus
1131 1772 1255 1825 uestros
1273 1763 1457 1827 conlocetis.

234 1871 310 1951 quid
332 1869 521 1933 tam'multa
545 1871 743 1949 conquiritis?
782 1869 898 1932 scilicet
922 1872 1056 1932 maiores
1078 1871 1186 1944 nostri,
1210 1891 1346 1951 quorum
1364 1857 1485 1934 uirtus?

196 2001 219 2040 ts
234 1979 413 2040 etiamnunc
436 1979 510 2039 uitia
532 1988 641 2040 nostra
663 1987 826 2052 sustentat,
851 1977 987 2039 infelices
1010 1987 1107 2052 erant,
1130 1978 1183 2058 qui
1205 1979 1264 2038 sibi
1286 1998 1382 2040 manu
1404 2000 1458 2042 sua
1521 2040 1522 2047 ,

233 2085 387 2167 parabant
415 2085 536 2159 cibum,
568 2085 680 2166 quibus
704 2094 787 2146 terra
810 2085 911 2146 cubile
935 2093 1017 2159 erat,
1048 2104 1183 2165 quorum
1207 2093 1293 2146 tecta
1315 2088 1458 2150 nondum

233 2212 309 2254 auro
333 2191 504 2272 fulgebant,
527 2213 661 2272 quorum
686 2191 806 2272 templa
829 2192 971 2253 nondum
995 2192 1130 2272 gemmis
1154 2192 1307 2253 nitebant.
1353 2194 1459 2276 itaque

233 2309 308 2362 tunc
338 2320 394 2380 per
424 2297 534 2361 fictiles
566 2299 644 2360 deos
677 2298 821 2378 religiose
844 2298 1012 2359 iurabatur.
1058 2299 1111 2378 qui
1134 2297 1203 2360 illos
1226 2299 1458 2376 inuocauerant,

120 2487 123 2492 Ι
236 2407 277 2466 ad
304 2406 430 2478 hostem
461 2406 617 2480 morituri,
648 2426 687 2465 ne
711 2404 868 2478 fallerent,
899 2388 1051 2466 redibant.
1097 2403 1214 2466 scilicet
1237 2405 1341 2468 minus
1364 2406 1490 2470 beate8

196 2534 222 2575 au
237 2512 364 2576 uiuebat
387 2513 523 2575 dictator
549 2521 672 2592 noster,
704 2512 755 2592 qui
779 2509 966 2574 Samnitium
990 2510 1114 2590 legatos
1137 2511 1249 2586 audiit,
1279 2532 1352 2574 cum
1378 2513 1458 2576 uilis-

234 2621 347 2680 simum
372 2619 476 2681 cibum
500 2621 530 2680 in
554 2617 626 2679 foco
650 2619 716 2699 ipse
741 2639 835 2679 manu
858 2638 915 2678 sua
938 2625 1084 2691 uersaret,
1108 2616 1168 2692 illa,
1190 2637 1253 2697 qua
1277 2618 1340 2681 iam
1363 2640 1459 2702 saepe

233 2725 359 2787 hostem
389 2734 584 2806 percusserat
607 2724 809 2805 laureamque
833 2727 863 2785 in
887 2723 1053 2805 Capitolini
1076 2724 1158 2790 louis
1182 2725 1304 2804 gremio
1328 2746 1457 2806 reposu-

234 2843 309 2908 erat,
332 2853 427 2913 quam
451 2831 583 2912 Apicius
607 2841 715 2892 nostra
739 2832 894 2893 memoria
916 2831 1003 2905 uixit,
1027 2831 1080 2912 qui
1103 2831 1133 2891 in
1156 2851 1194 2892 ea
1218 2831 1305 2907 urbe,
1330 2853 1373 2894 ex
1397 2854 1460 2914 qua

234 2939 400 3021 aliquando
431 2937 610 3020 philosophi
641 2936 726 2999 uelut
757 2948 957 3020 corruptores
980 2920 1147 2999 iuuentutis
1171 2937 1257 2999 abire
1282 2938 1355 3000 iussi
1378 2948 1459 3014 sunt,

193 3067 218 3108 25
233 3047 394 3108 scientiam
423 3046 559 3127 popinae
582 3042 741 3125 professus
766 3044 928 3125 disciplina
950 3064 1007 3105 sua
1029 3043 1188 3105 saeculum
1212 3043 1326 3107 infecit.
1373 3047 1460 3107 euius

234 3154 355 3215 exitum
383 3172 477 3213 nosse
505 3172 622 3233 operae
645 3152 780 3232 pretium
805 3161 861 3213 est.
908 3171 980 3229 cum
1003 3153 1181 3212 sestertium
1206 3149 1328 3212 miliens
1351 3151 1383 3212 in
1408 3162 1494 3215 cu-t?

233 3259 327 3320 linam
351 3259 549 3332 coniecisset,
573 3279 644 3319 cum
669 3267 719 3320 tot
742 3258 901 3338 congiaria
924 3258 1098 3339 principum
1123 3266 1155 3319 et
1177 3258 1288 3337 ingens
1313 3256 1461 3340 Capitolii

233 3366 368 3445 uectigal
391 3365 517 3446 singulis
534 3365 842 3427 commissationibus
858 3365 1058 3444 exorpsisset‚
1083 3363 1273 3435 aerealieno
1287 3385 1460 3446 oppressus

233 3473 370 3534 rationes
405 3492 476 3533 suas
507 3480 582 3533 tunc
613 3473 748 3553 primum
780 3482 908 3532 coactus
939 3471 1094 3551 inspexit:
1136 3469 1369 3552 superfuturum
1400 3473 1461 3534 sibi

233 3632 445 3639 ——-

234 3737 247 3788 1
272 3738 330 3801 quid
349 3739 493 3786 mercaturis
512 3735 574 3789 olim
593 3752 680 3792 corn:
701 3737 769 3802 quod
787 3721 901 3786 mercalis
1053 3733 1068 3787 3
1089 3736 1208 3800 disposuit
1226 3734 1292 3807 coda
1306 3740 1333 3789 el
1352 3743 1461 3791 ueteres

232 3824 372 3890 editiones,
392 3828 505 3892 deposuit
516 3824 630 3880 Fickert
645 3831 672 3879 et
684 3824 778 3878 Haase
868 3824 968 3892 bfamr'i
988 3826 1101 3889 inexiguo
1192 3822 1208 3876 8
1227 3827 1345 3890 aggeritis
1365 3826 1461 3896 (prior

232 3931 340 3980 georr.
360 3931 399 3969 ex
418 3918 444 3981 d)
546 3917 616 3965 uultis
636 3918 660 3981 (u
680 3919 763 3981 corr.)
867 3914 900 3966 10
926 3914 1001 3964 multa
1021 3912 1080 3966 cod.
1100 3913 1200 3962 multum
1221 3910 1388 3978 deteriores,
1407 3922 1459 3965 tam

232 4007 334 4055 multum
347 4003 433 4069 Koch,
453 4004 489 4071 cs.
505 4007 536 4056 14
549 4006 608 4069 quid
621 4011 672 4054 tam
686 4005 761 4054 multa
781 4003 938 4068 conquiritis?
1032 4002 1062 4054 11
1083 4003 1197 4051 laxabiris
1216 4002 1267 4068 (itis
1283 4003 1368 4068 corr.)

233 4131 265 4183 12
292 4133 390 4180 cesserit
408 4128 503 4199 trulqo:
525 4131 627 4194 gesserit
753 4128 785 4180 13
811 4134 942 4193 apparatus
1070 4127 1102 4179 14
1127 4102 1200 4176 uirtus
1220 4128 1294 4192 (sm.
1313 4129 1368 4197 pr.)

233 4219 266 4272 15
292 4221 400 4270 infelices
419 4225 486 4268 erant
505 4221 579 4285 (urite
598 4226 665 4269 erant
684 4220 752 4285 ras.)
891 4217 926 4269 20
950 4219 991 4281 qui
1010 4219 1127 4268 samnitir]
1147 4217 1221 4282 (ante
1239 4234 1250 4266 s
1269 4218 1338 4282 ras.)

232 4307 266 4362 22
290 4316 430 4375 reposuerat
450 4310 485 4373 (re
498 4309 523 4360 fn
538 4308 605 4374 ras.)
691 4307 724 4360 26
744 4309 831 4357 millies
851 4307 926 4373 (estu
939 4307 1005 4373 ras.)
1090 4304 1124 4359 28
1144 4308 1328 4363 comisationib3
1417 4324 1460 4356 ex·

232 4410 341 4502 sofsisset
