3046 5092
119 321 173 362 VIII
492 322 661 364 PRAEFATIO
677 323 824 366 IOHANNIS
839 324 981 367 VAHLENI.

118 468 233 549 opinor
250 449 356 549 ¹specie
379 470 493 531 vocem
517 466 634 548 ludere,
658 468 813 531 Senecam
837 446 954 545 autem,
978 479 1013 532 ut
1036 475 1235 553 comparatio
1252 494 1349 554 quam

118 585 248 646 instituit
272 605 343 645 cum
367 583 472 658 armis,
496 603 567 645 cum
591 583 696 664 gladio
720 594 887 660 constaret,
910 587 1087 668 scripsisse:
1112 606 1173 649 nan
1195 591 1351 650 vitabimus

117 705 240 777 impetus
271 703 360 761 animi
383 704 436 760 bos
458 718 567 776 arares
591 707 618 761 et
641 718 781 762 onerosas
804 712 830 761 et
853 705 1070 764 irrevocabiles.
1116 701 1169 764 Sic
1192 723 1349 767 onerosam

117 833 297 893 arabemque
318 820 433 878 basiam
465 814 603 896 appellat
635 814 767 878 Ovidius
798 816 927 877 Metam.
962 819 1018 892 13,
1053 819 1123 880 1118.
1170 813 1296 880 Addo
1318 821 1350 880 in

117 940 304 1005 transcursu,
328 921 489 993 Kochium
512 932 611 992 videri
636 929 709 991 mihi
732 933 894 1011 superiora
916 952 1044 1013 quoque
1067 941 1099 994 et
1115 953 1196 1013 quae
1212 954 1284 995 cum
1301 934 1349 997 his

119 1046 291 1108 cohaerent
313 1068 343 1128 p.
369 1049 427 1127 82,
453 1049 470 1108 3
496 1047 671 1128 corrupisse
695 1046 795 1126 magis
819 1067 914 1127 quam
939 1046 1132 1109 emaculasse
1155 1049 1345 1112 scribendo:

117 1165 272 1223 Irascetur
302 1167 427 1240 aliquis:
458 1174 488 1222 tu
521 1172 627 1223 eontra
644 1164 807 1236 beneficiis
827 1181 969 1239 provoca.
994 1168 1075 1223 cadit
1097 1168 1193 1224 statim
1216 1169 1350 1227 umultas

118 1280 156 1338 ab
187 1283 284 1339 altera
306 1288 400 1354 parte
423 1282 549 1340 deserta.
579 1280 637 1338 nisi
661 1281 755 1353 paria
785 1296 844 1338 non
869 1287 1015 1354 puqnant.
1044 1283 1070 1339 si
1097 1283 1243 1357 utrimque
1265 1290 1349 1342 certa

116 1398 240 1455 uictoria
263 1397 471 1455 concurritur:
494 1398 543 1453 ille
567 1403 608 1453 est
630 1397 732 1453 melior
754 1397 804 1471 qul
819 1396 909 1470 prior
927 1397 1035 1469 pellem
1058 1399 1175 1475 rettulit,
1198 1400 1290 1456 alatus
1307 1405 1351 1457 est

118 1514 168 1588 qui
197 1513 272 1570 aicit.
318 1509 402 1570 Nam
433 1528 473 1569 ne
500 1509 606 1569 dicam
630 1509 771 1588 ineptum
796 1527 866 1569 esse
888 1519 971 1569 certa
994 1513 1133 1582 uictoria,
1164 1529 1275 1571 verum
1299 1520 1350 1574 est

117 1627 205 1706 quod
227 1626 258 1686 in
282 1625 392 1686 codice
415 1623 545 1704 legitur:
580 1627 642 1685 Seri
663 1627 807 1700 utrimque
828 1625 954 1685 certabit
975 1628 1039 1697 ira,
1063 1630 1266 1700 consumitur,
1290 1626 1350 1690 nisi

117 1742 205 1822 quod
237 1743 362 1803 certabit
391 1738 451 1801 levi
482 1760 588 1802 errore
615 1747 647 1800 et
671 1738 746 1800 olim
770 1749 914 1802 correcto
938 1750 1105 1802 exaratum
1129 1750 1178 1803 est
1200 1763 1259 1823 pro
1283 1761 1349 1805 aer·

117 1859 234 1919 labitur.
281 1855 408 1916 Etenim
439 1865 514 1936 post
546 1854 597 1916 illa
628 1858 781 1916 Irascetur
811 1859 937 1930 aliquis:
968 1867 999 1916 tu
1030 1858 1177 1929 benefieiis
1201 1876 1349 1936 provoca,

116 1972 195 2032 haec
219 1969 316 2031 altera
338 1971 498 2032 subiicitur
520 1971 665 2032 condicio
690 1974 753 2032 Sed
772 1974 918 2048 utrimque
940 1974 1101 2034 certabitur
1123 1975 1186 2046 ira,
1215 1980 1247 2032 et
1271 1973 1350 2053 quid

117 2107 155 2147 ea
186 2085 377 2147 obveniente
400 2085 560 2166 agendum
583 2086 631 2160 sit,
655 2085 843 2160 declaratur,
866 2090 914 2147 ille
941 2090 1044 2147 melior
1066 2091 1117 2163 qai
1133 2092 1222 2164 prior
1238 2093 1349 2165 ,pedem

116 2207 242 2264 rettulit:
267 2210 418 2262 consueta
440 2202 565 2282 dicendi
588 2200 691 2263 forma
706 2221 765 2262 nec
782 2200 910 2289 Graecis
926 2200 1033 2276 aliena,
1057 2222 1120 2283 qua
1135 2200 1258 2265 Seneca
1275 2225 1348 2266 cum

117 2316 190 2378 alibi
214 2337 287 2378 usus
311 2325 359 2377 est
382 2325 450 2378 tum
475 2317 515 2377 de
539 2336 625 2377 cons,
649 2318 690 2377 ad
714 2316 860 2378 Helviam
885 2336 910 2377 c.
938 2293 992 2392 11,
1010 2338 1040 2398 p.
1059 2318 1130 2391 259,
1152 2319 1200 2381 19.
1218 2320 1270 2393 24,
1295 2320 1349 2382 ubi

117 2432 259 2495 Kochius
291 2432 422 2494 aliorum
454 2432 592 2514 opinioni
620 2432 826 2512 adstipulatus
859 2431 907 2493 bis
930 2432 1006 2495 illud
1029 2432 1114 2494 idem
1136 2438 1192 2495 sed
1213 2436 1350 2497 mutavit

78 2553 80 2556 ⁴
117 2550 147 2610 in
170 2553 196 2610 si
219 2549 334 2611 Iniuria.

205 2666 256 2726 De
279 2665 324 2726 ira
349 2667 385 2738 3,
410 2664 446 2738 2,
469 2684 500 2744 p.
526 2667 583 2738 86,
609 2663 650 2725 20
681 2667 842 2741 inpotentia
876 2664 951 2740 [non]
983 2665 1026 2724 'est
1057 2670 1165 2726 malum
1189 2667 1349 2741 publicum.

117 2783 262 2844 Auctore
285 2780 448 2860 Madvigio
472 2777 614 2840 Kochius
644 2797 704 2840 non
733 2777 919 2860 particulam
951 2777 1083 2854 delevit,
1114 2787 1147 2840 et
1177 2781 1350 2860 negatione

117 2898 246 2980 quidem
271 2897 381 2958 addita
402 2895 591 2977 pervertitur
613 2895 777 2969 sententia,
802 2914 911 2956 verum
935 2914 999 2955 non
1022 2893 1163 2957 tollenda
1186 2905 1254 2956 erat
1278 2917 1349 2958 vox

117 3014 239 3074 absona
277 3014 334 3073 sed
367 3031 409 3072 ex
440 3030 500 3073 non
531 3009 730 3072 efficiendum
761 3028 841 3091 una;
882 3010 968 3090 quod
1000 3018 1196 3090 quantopere
1219 3012 1350 3074 adiuvet

117 3128 277 3209 scriptoris
299 3147 426 3188 sensum
451 3137 483 3188 et
505 3124 649 3201 extollat,
673 3126 843 3206 persentiet
866 3125 979 3204 opinor
1002 3126 1054 3204 qui
1076 3134 1179 3186 totam
1201 3145 1347 3206 compre-

117 3244 302 3305 hensionem
326 3242 421 3323 paulo
445 3243 591 3302 intentius
615 3243 791 3321 aspexerit:
825 3251 925 3301 cetera
947 3245 1075 3316 sinyulos
1098 3244 1277 3316 corripiunt,
1301 3247 1350 3304 bie

117 3378 215 3419 unus
238 3363 375 3434 adfectus
398 3367 447 3430 est,
471 3361 521 3432 qui
543 3360 687 3417 interilum
706 3357 825 3432 publice
848 3360 1016 3432 concipitur.
1040 3373 1198 3432 numquam
1215 3363 1350 3433 populus

117 3479 269 3536 universus
296 3476 429 3548 feminae
457 3490 558 3533 amare
578 3443 736 3548 slayrauit,
767 3488 822 3531 nee
843 3474 875 3531 in
893 3474 1051 3546 pecuniam
1075 3483 1128 3531 aut
1150 3476 1262 3532 lucrum
1286 3482 1349 3534 tota

118 3593 220 3651 ciuitas
250 3607 328 3666 spem
361 3605 444 3648 suam
468 3590 557 3659 misit,
582 3587 699 3673 ambitio
724 3590 827 3647 uiritim
850 3591 982 3663 annulos
1005 3596 1147 3662 occupat:
1177 3590 1348 3664 impotentia

118 3723 195 3766 una
219 3713 262 3766 est
284 3708 392 3765 malum
409 3704 567 3779 publicum.

207 3818 258 3879 De
281 3819 326 3879 ira
350 3821 385 3898 3,
411 3820 447 3893 8,
478 3837 508 3897 p.
528 3818 591 3891 ¹93,
626 3818 664 3879 13
697 3820 842 3891 Difficiles
872 3835 989 3894 qnoque
1019 3827 1046 3877 et
1074 3820 1207 3878 indomiti
1236 3830 1349 3881 natura

119 3938 314 3998 blandientem
339 3938 456 4009 serent:
487 3936 561 3994 nibil
582 3951 718 4011 asperum
743 3936 932 4009 territumque
949 3936 1090 4009 palranti
1113 3944 1162 3994 est.
1209 3932 1347 4014 Magno-

118 4070 194 4131 pere
218 4049 339 4125 dubit0,
363 4070 459 4130 quam
483 4051 563 4111 iuste
585 4049 641 4109 viri
664 4048 864 4109 valentissimi
886 4047 986 4109 iudicii
1006 4053 1196 4125 territumque
1211 4068 1275 4109 uno
1292 4070 1347 4111 ore

119 4166 354 4229 damnaverint:
381 4176 466 4226 certe
489 4184 600 4226 eorum
624 4183 705 4245 quae
727 4165 758 4225 in
782 4164 846 4224 eius
870 4161 973 4223 locum
998 4161 1102 4223 subire
1124 4165 1280 4225 iusserunt
1304 4201 1348 4208 —

119 4287 310 4360 tetricumque
332 4281 504 4362 Hauptius,
535 4289 741 4357 serratumque
763 4278 958 4357 Madvigius,
990 4287 1024 4338 ut
1050 4287 1197 4339 serratum
1220 4298 1348 4342 morsum

119 4398 280 4460 anseribus
296 4398 437 4459 attribuit
453 4396 617 4458 Petronius
632 4417 662 4476 p.
682 4397 738 4456 101
760 4393 803 4468 Β,
824 4397 1036 4470 horridumque
1052 4392 1203 4468 Gertzius,
1218 4393 1347 4456 Kochio
