3046 5092
248 346 309 408 146
463 340 542 383 Dlnu,
558 339 595 382 VI.
625 340 666 380 AD
682 338 824 380 MARClAM
841 337 880 378 Du
895 337 1138 380 CONSOLATIONE.
1166 341 1201 382 20.
1216 339 1251 382 ll.

243 487 372 562 tulisset,
396 488 553 548 neminem
579 505 729 548 ausurum
755 504 871 563 coram,
887 484 1009 546 Catone
1032 504 1182 566 peccare:
1208 505 1292 547 nunc
1316 505 1472 549 annorum

171 613 174 616 ’
244 596 380 656 adiectio
417 594 676 674 paucissimorum
716 594 815 654 uirum
855 592 990 654 libertati
1028 613 1093 654 non
1133 612 1208 654 suae
1248 602 1376 654 tantum
1416 595 1473 656 sed

243 700 388 782 publicae
418 710 528 762 natum
559 702 665 780 coegit
689 696 858 760 Caesarem
889 698 1013 779 fugere,
1045 698 1230 780 Pompeium
1253 701 1353 780 sequi.
1401 699 1474 762 nihil

244 826 321 887 ergo
352 805 392 868 illi
423 805 496 868 mali
526 807 681 867 inmatura
711 826 797 867 mors
832 804 961 867 adtulit:
1005 806 1145 867 omnium
1182 806 1278 884 etiam
1315 804 1473 868 malorum

181 903 185 909 ⁵
216 913 360 975 iremisit
382 914 565 994 potentiam.

331 1019 417 1082 XXI.
456 1020 556 1081 Nimis
587 1027 695 1080 tamen
726 1019 788 1080 cito
820 1020 910 1099 periit
942 1028 974 1080 et
1004 1020 1185 1080 inmaturus.
1232 1021 1373 1100 primum
1397 1023 1502 1101 puta1

243 1126 283 1188 illi
313 1125 514 1207 superfuisse,
554 1127 735 1206 conprende
766 1135 917 1205 quantum
948 1125 1115 1206 plurimum
1146 1127 1322 1206 procedere
1354 1125 1474 1188 homini

243 1232 333 1294 licet:
367 1242 519 1313 quantum
552 1235 619 1294 est?
665 1233 707 1293 ad
738 1232 957 1293 breuissimum
989 1241 1115 1312 tempus
1146 1233 1236 1305 editi,
1267 1235 1333 1294 cito
1358 1236 1475 1296 cessuri

243 1338 315 1400 loco
338 1339 458 1399 incolae
481 1339 616 1400 uenienti
639 1341 799 1420 inpactum
823 1338 869 1398 ἐντ’
889 1337 951 1399 hoc
973 1339 1180 1419 prospicimus
1203 1337 1386 1419 hospitium.
1434 1340 1475 1401 de

205 1462 229 1501 ιο
244 1446 358 1506 nostris
374 1445 529 1506 aetatibus
545 1444 666 1525 loquor,
689 1465 767 1526 quas
790 1442 962 1506 incredibili
985 1443 1143 1506 celeritate
1160 1444 1308 1506 conuolui
1324 1447 1474 1507 constat?

243 1559 381 1632 conputa
411 1550 534 1612 urbium
566 1550 697 1611 saecula
745 1549 866 1612 uidebis
897 1570 993 1632 quam
1021 1571 1085 1611 non
1109 1552 1160 1612 diu
1184 1552 1343 1626 steterint,
1377 1553 1473 1615 etiam

243 1678 324 1739 quae
355 1665 512 1719 uetustate
542 1656 722 1738 gloriantur.
769 1658 876 1717 omnia
905 1656 1043 1718 humana
1069 1656 1177 1718 breuia
1200 1667 1232 1719 et
1255 1660 1378 1721 caduca
1401 1667 1474 1721 sunt

243 1773 274 1825 et
305 1763 412 1826 infiniti
442 1765 595 1844 temporis
626 1762 742 1827 nullam
765 1773 889 1843 partem
913 1763 1104 1844 occupantia.
1150 1753 1377 1827 terram‘hanc
1401 1765 1505 1827 cum2

244 1870 371 1932 urbibus
409 1870 596 1951 populisque
634 1878 666 1930 et
702 1869 881 1931 fluminibus
920 1877 951 1930 et
982 1869 1102 1930 ambitu
1134 1871 1227 1932 maris
1257 1873 1369 1952 puncti
1399 1870 1473 1934 loco

207 1994 229 2034 ra
243 1978 390 2059 ponimus
412 1978 454 2047 ad
479 1977 622 2038 uniuersa
645 1975 832 2038 referentes:
868 1977 1021 2038 minorem
1045 1979 1225 2058 portionem
1249 1987 1338 2040 aetas
1362 1988 1473 2062 nostra

242 2105 338 2167 quam
361 2086 468 2165 puncti
492 2082 596 2157 habet,
621 2084 646 2143 si
669 2103 740 2143 cum
765 2084 852 2144 omni
874 2093 1019 2164 tempore
1043 2092 1239 2166 conparetur,
1262 2085 1350 2146 cuius
1371 2086 1473 2147 maior

243 2199 291 2253 est
315 2211 461 2252 mensura
483 2210 578 2269 quam
603 2190 727 2264 mundi,
756 2198 867 2270 utpote
890 2210 962 2251 cum
986 2189 1036 2251 ille
1059 2211 1094 2252 se
1116 2191 1197 2252 intra
1218 2190 1308 2252 huius
1331 2194 1470 2272 spatium
1494 2238 1497 2244 Δ

243 2297 357 2358 totiens
381 2296 580 2357 remetiatur:
607 2295 683 2377 quid
707 2315 784 2376 ergo
800 2296 929 2357 interest
944 2296 975 2357 id
992 2297 1174 2371 extendere,
1198 2298 1283 2359 cuius
1298 2307 1469 2379 quantum-

124 2450 127 2457 .
215 2392 219 2397 ’
243 2423 378 2483 cumque
401 2402 491 2464 fuerit
506 2402 742 2476 incrementum,
765 2423 829 2463 non
845 2400 979 2464 multum
995 2403 1094 2464 aberit
1111 2424 1129 2465 a
1145 2403 1260 2466 nihilo?
1285 2424 1349 2465 uno
1367 2405 1469 2467 modo

202 2526 228 2565 20
243 2509 377 2571 multum
409 2517 457 2571 est
487 2509 574 2591 quod
606 2509 754 2582 uiuimus,
785 2499 818 2570 si
842 2509 916 2571 satis
940 2519 996 2571 est.
1043 2510 1114 2571 licet
1138 2510 1213 2572 mihi
1236 2512 1363 2573 uiuaces
1388 2521 1421 2572 et
1444 2511 1504 2572 in3

244 2618 430 2678 memoriam
461 2616 596 2677 traditae
626 2617 796 2677 senectutis
827 2617 910 2677 uiros
938 2617 1099 2691 nomines,
1130 2625 1280 2678 centenos
1308 2617 1474 2701 denosque

213 2760 216 2767 ,
244 2744 430 2805 percenseas
453 2743 572 2784 annos:
604 2742 675 2783 cum
700 2723 741 2784 ad
765 2742 861 2783 omne
884 2731 1010 2803 tempus
1033 2723 1185 2785 dimiseris
1208 2725 1366 2799 animum,
1391 2724 1474 2795 nulla

243 2831 301 2892 erit
323 2829 375 2892 illa
397 2829 572 2891 breuissimi
595 2828 830 2910 longissimique
853 2830 922 2890 aeui
946 2809 1128 2906 differentia,
1152 2830 1176 2890 si
1192 2830 1335 2912 inspecto
1352 2839 1473 2914 quanto

242 2938 310 3018 quis
342 2937 455 2998 uixerit
483 2938 601 3017 spati0,
633 2937 852 3017 conparaueris
876 2947 995 3016 quanto
1018 2956 1082 2997 non
1106 2920 1228 2999 uixerit.
1274 2936 1393 2999 deinde
1416 2937 1503 2999 sibit

202 3061 229 3101 rr
242 3053 383 3106 maturus
408 3044 549 3104 decessit.
590 3044 667 3103 uixit
691 3043 773 3103 enim
798 3022 951 3122 quantum
975 3043 1085 3105 debuit
1108 3044 1221 3104 uiuere.
1260 3042 1335 3104 nihil
1350 3042 1394 3104 illi
1411 3043 1472 3105 iam

242 3150 323 3211 ultra
346 3159 515 3231 supererat.
556 3170 619 3210 non
644 3170 706 3209 una
728 3149 908 3210 hominibus
931 3159 1076 3210 senectus
1100 3157 1156 3224 est,
1181 3156 1215 3210 ut
1230 3168 1270 3211 ne
1285 3148 1473 3212 animalibus

242 3258 389 3337 quidem:
430 3257 510 3317 intra
541 3256 795 3336 quattuordecim
827 3256 982 3337 quaedam
1014 3277 1113 3319 annos
1145 3255 1296 3336 defatigat
1327 3257 1409 3332 uita,
1441 3264 1473 3319 et

242 3362 321 3424 haec
352 3363 408 3423 illis
441 3363 623 3443 longissima
646 3372 733 3423 aetas
757 3371 805 3424 est
828 3383 909 3442 quae
932 3363 1051 3424 homini
1075 3362 1183 3442 prima.
1230 3363 1338 3442 dispar
1361 3364 1473 3445 cuique

242 3470 367 3531 uiuendi
391 3468 522 3533 facultas
546 3469 622 3529 data
645 3477 701 3530 est.
747 3489 843 3530 nemo
867 3470 957 3530 nimis
981 3470 1044 3531 cito
1067 3470 1207 3543 moritur,
1237 3469 1310 3550 quia
1332 3470 1472 3532 uicturus

242 3699 257 3752 3
276 3700 353 3748 nichil
444 3697 461 3751 4
480 3699 515 3749 illi
534 3699 593 3748 mali
613 3696 672 3754 cod.
692 3698 752 3747 mali
771 3698 807 3747 illi
825 3695 908 3767 uulgo
1005 3697 1020 3750 b'
1040 3699 1111 3763 periit
1130 3695 1296 3751 deteriores:
1316 3700 1382 3764 perit

241 3788 257 3841 9
284 3789 341 3838 loco
368 3789 464 3837 incolae
489 3789 592 3837 uenienti
617 3789 742 3853 inpactum
768 3788 796 3835 iri
823 3783 899 3840 Koch
926 3786 993 3853 (loco
1019 3787 1123 3836 uenienti
1149 3788 1299 3850 impacatum
1324 3783 1468 3858 Mamm:

241 3914 307 3978 loco,
331 3889 436 3963 uen¹enti
461 3914 585 3977 inpactum
712 3909 745 3962 10
769 3927 829 3975 quas
855 3908 1020 3964 deteriores:
1047 3912 1115 3976 quasi
1234 3911 1350 3961 conuolui
1375 3919 1471 3964 constat

241 4001 343 4073 Neap:
366 4003 489 4052 conuoluit
576 4000 607 4053 ,16
629 4016 685 4050 cum
704 4001 772 4049 omni
792 4006 902 4064 tempore
915 3997 1028 4053 Fickert
1047 4000 1125 4066 (omni
1145 4001 1250 4065 tempori
1269 3997 1381 4069 uulqo):
1403 4002 1471 4053 omni

240 4099 354 4158 tempore
457 4090 489 4142 17
509 4091 550 4140 ille
568 4106 594 4138 se
613 4086 778 4142 deteriores:
803 4088 838 4137 illi
857 4105 884 4139 se
988 4087 1020 4141 18
1039 4090 1065 4138 id
1084 4086 1187 4158 Neap.:
1208 4089 1260 4137 inid
1355 4094 1469 4155 quintum·

241 4198 324 4246 cumq;
347 4181 407 4247 (quit
425 4180 453 4232 in
472 4179 540 4244 ras.)
641 4176 673 4230 19
693 4177 786 4227 nichilo
883 4176 917 4231 20
935 4179 997 4227 mihi
1016 4179 1113 4228 uiuaces
1131 4174 1279 4247 Ruhkopf:
1300 4178 1379 4228 michi
1398 4195 1470 4230 uacoe

343 4268 376 4321 23
395 4269 533 4318 breuissimi
553 4265 718 4320 deteriores:
745 4268 889 4316 breuissima
991 4266 1025 4319 24
1044 4269 1091 4317 sibi
1109 4272 1217 4316 maturus
1235 4263 1367 4337 Madut'qt
1394 4269 1469 4318 siin·

242 4364 349 4408 maturus
445 4357 478 4410 25
497 4358 574 4407 nichil
663 4358 712 4404 iam
732 4356 794 4405 ultra
815 4352 976 4409 Pincianus:
997 4364 1048 4406 tum
1067 4358 1130 4406 ultra
1220 4355 1254 4408 27
1272 4357 1380 4421 quedam
1400 4355 1468 4424 (dam

243 4447 269 4498 in
289 4448 358 4513 ras.)
458 4448 576 4511 defatigat
594 4446 644 4494 uita
664 4441 777 4513 Muduip
798 4444 973 4511 (defatigantur
992 4444 1100 4515 uulqo):
1128 4446 1273 4510 defatignuit
1352 4443 1404 4498 -28
1422 4461 1468 4510 qne
