3046 5092
259 316 338 359 DinL.
349 315 379 359 X.
407 315 449 355 AD
463 315 618 354 PAVLlNVM
633 314 673 354 DE
688 314 857 354 BREVlTATE
870 313 969 356 VlTAE.
1001 315 1032 355 11.
1049 315 1080 354 12.
1216 320 1278 381 233

62 464 139 524 uotis
163 462 351 527 mendicant.
398 462 535 523 minores
559 469 633 522 natu
657 459 742 540 ipsos
766 480 835 521 esse
858 459 989 540 fingunt.
1035 462 1201 522 mendacio
1223 461 1281 523 sibi

60 569 259 645 blandiuntur
283 576 403 631 ettam
428 567 561 630 libenter
584 587 619 628 se
642 566 751 629 fallunt
773 587 870 648 quam
894 568 918 627 si
943 587 1004 628 una
1027 566 1092 629 sata
1115 567 1281 648 decipiant.

57 677 118 738 iam
143 696 220 738 uero
244 695 315 738 cum
338 675 407 737 illos
431 674 534 755 aliqua
553 673 737 763 inbecillitas
756 673 957 737 mortalitatis
973 676 1146 750 admonuit,
1170 695 1280 756 quem-

56 783 234 844 admodum
258 792 410 862 pauentes
434 780 620 856 moriuntur,
644 783 709 842 non
732 790 895 862 tamquam
920 789 1037 842 exeant
1060 783 1101 843 de
1124 782 1200 857 uita,
1224 785 1280 845 sed

56 899 221 969 tamquam
242 888 456 951 extrahantur.
501 887 615 950 stultos
631 909 665 949 se
682 886 782 962 fuisse,
806 887 938 969 quinon
954 888 1097 963 uixerint,
1121 888 1282 952 clamitant
1309 905 1321 943 5

56 1004 105 1070 et,
137 997 165 1057 si
195 987 295 1057 modo
326 996 482 1058 euaserint
505 1017 547 1056 ex
571 994 621 1056 illa
644 994 838 1069 ualetudine,
871 994 902 1055 in
926 995 992 1057 otio
1016 996 1160 1057 uicturos.
1207 1004 1282 1057 tunc

55 1122 152 1184 quarn
176 1101 290 1165 frustra
312 1106 506 1184 parauerint,
538 1102 651 1183 quibus
674 1087 747 1163 non'
761 1100 952 1176 fruerentur,
983 1122 1079 1182 quam
1104 1102 1133 1162 in
1157 1123 1281 1165 cassum

17 1210 161 1276 oomnis
191 1209 338 1271 ceciderit
368 1209 473 1284 labor,
505 1210 654 1289 cogitant.
696 1189 734 1270 ¹at
763 1208 875 1289 quibus
906 1209 970 1271 uita
997 1207 1107 1290 procul
1130 1209 1172 1271 ab
1195 1211 1282 1271 omni
1330 1287 1333 1294 Ι

56 1317 189 1397 negotio
220 1316 336 1396 agitur,
367 1316 474 1397 quidni
497 1317 638 1397 spatiosa
661 1315 721 1377 sit?
760 1314 834 1376 nihil
859 1335 900 1376 ex
924 1313 974 1395 illa
997 1314 1177 1395 delegatur,
1209 1315 1282 1377 nihil

25 1496 28 1503 Ι
57 1422 119 1484 alio
143 1431 239 1503 atque
262 1422 324 1483 alio
346 1424 518 1503 spargitur,
543 1421 616 1483 nihil
640 1423 713 1483 inde
737 1419 881 1483 fortunae
904 1422 1052 1496 traditur,
1077 1421 1151 1484 nihil
1174 1421 1322 1502 negle-10

57 1531 166 1610 gentia
196 1530 314 1605 interit,
345 1529 420 1590 nihil
448 1528 613 1609 largitione
641 1528 831 1602 detrahitur,
862 1527 935 1589 nihil
958 1549 1187 1609 superuacuum
1212 1540 1279 1592 est:

55 1646 142 1711 tota,
167 1646 201 1698 ut
224 1637 267 1698 ita
291 1637 411 1710 dicam,
436 1637 466 1697 in
490 1638 593 1698 reditu
617 1643 672 1696 est.
719 1634 1003 1718 quantulacumque
1026 1637 1132 1717 itaque
1156 1636 1282 1699 abunde

56 1743 169 1806 sufficit
200 1753 232 1805 et
255 1744 345 1818 ide0,
376 1743 568 1824 quandoque
592 1741 717 1805 ultimus
742 1743 808 1805 dies
831 1743 966 1818 uenerit,
998 1763 1061 1804 non
1085 1744 1283 1805 cunctabitur

56 1851 181 1932 sapiens
203 1847 311 1912 ire‘ad
336 1858 472 1911 mortem
497 1858 585 1911 certo
609 1851 719 1930 gradu.

24 1969 36 2020 l
147 1955 215 2018 XII.
248 1955 380 2037 Quaeris
404 1955 547 2031 fortasse,
570 1978 650 2037 quos
674 1965 847 2038 occupatos
870 1961 1003 2019 uocem?
1042 1977 1106 2019 non
1130 1967 1178 2020 est
1193 1959 1282 2038 quod
1300 1969 1323 2008 ¹⁵

57 2084 109 2125 me
132 2062 219 2125 solos
243 2071 335 2144 putes
355 2064 469 2137 dicere,
493 2084 573 2144 quos
594 2085 612 2125 e
628 2063 755 2126 basilica
770 2064 886 2125 inmissi
903 2065 1033 2125 demum
1050 2085 1143 2127 canes
1160 2065 1282 2139 eiciunt,

56 2191 137 2251 quos
168 2178 222 2231 aut
252 2172 283 2232 in
313 2191 369 2232 sua
400 2171 488 2231 uides
519 2170 612 2232 turba
643 2171 813 2250 speciosius
845 2169 915 2231 elidi
945 2180 999 2233 aut
1029 2172 1059 2233 in
1083 2171 1183 2234 aliena
1207 2193 1281 2233 con-

57 2278 226 2357 temptiuS,
262 2297 342 2358 quos
373 2275 477 2339 officia
508 2277 656 2339 domibus
686 2277 748 2338 suis
779 2286 929 2352 euocant,
962 2287 996 2340 ut
1027 2278 1131 2340 alienis
1164 2277 1283 2340 loribus

57 2383 193 2457 nlidant,
225 2402 303 2462 quos
334 2381 426 2445 hasta
456 2386 612 2463 praetoris
642 2381 748 2445 infami
779 2382 865 2446 lucro
890 2394 923 2446 et
946 2386 1139 2466 quandoque
1162 2405 1279 2466 suppu-

23 2499 165 2558 oraturo
196 2498 333 2552 exercet.
379 2491 578 2570 quorundam
611 2491 712 2553 otium
744 2500 934 2572 occupatum
966 2501 1032 2554 est:
1066 2493 1097 2552 in
1129 2491 1200 2553 uilla
1230 2501 1284 2554 aut
1297 2502 1324 2541 2⁰

61 2599 90 2659 in
113 2597 197 2659 lecto
221 2617 288 2670 suo,
312 2599 343 2658 in
368 2597 472 2658 media
494 2596 670 2672 solitudine,
694 2598 838 2678 quamuis
860 2597 901 2659 ab
922 2598 1069 2660 omnibus
1091 2599 1283 2673 recesserint,

59 2705 118 2767 sibi
150 2704 207 2784 ipsi
239 2703 364 2765 molesti
387 2712 477 2765 sunt:
511 2725 646 2783 quorum
672 2725 735 2765 non
758 2707 863 2767 otiosa
886 2706 950 2767 uita
973 2706 1107 2767 dicenda
1131 2714 1195 2779 est,
1226 2706 1283 2767 sed

60 2811 219 2873 desidiosa
242 2812 408 2891 occupatio
463 2810 549 2872 illum
574 2819 608 2872 tu
633 2812 769 2873 otiosum
792 2831 887 2872 uocas
903 2812 955 2893 qui
972 2810 1142 2886 Corinthia,
1165 2832 1282 2893 pauco-

61 2938 130 2979 rum
154 2915 258 2978 lurore
281 2920 428 2998 pretiosa,
452 2920 546 2980 anxia
569 2918 741 3000 suptilitate
764 2921 930 2980 concinnat
946 2928 978 2984 et
995 2920 1146 2981 maiorem
1162 2919 1282 2981 dierum

60 3033 185 3105 partem
216 3024 246 3085 in
277 3025 469 3104 aeruginosis
500 3024 631 3086 lamellis
663 3028 837 3088 consumit?
876 3026 928 3107 qui
951 3027 982 3086 in
1005 3036 1165 3088 ceromate
1190 3028 1284 3106 (nam,
1299 3036 1324 3075 2⁵

55 3152 114 3212 pro
139 3130 266 3206 facinus,
289 3144 331 3192 'ne
355 3123 519 3217 Romanis
532 3134 662 3212 quidem
685 3133 766 3195 uitiis
782 3132 975 3209 laboramus)
993 3141 1155 3214 spectator
1170 3153 1282 3212 puero-

56 3257 125 3298 mm
157 3239 327 3299 rixantium
356 3238 467 3299 sedet?
506 3239 559 3320 qui
588 3242 763 3301 uinctorum
778 3241 916 3301 'suorum
941 3259 1055 3321 greges
1078 3240 1108 3300 in
1133 3240 1283 3303 aetatium

22 3353 87 3414 3et
111 3343 255 3406 colorum
279 3346 367 3426 paria
390 3346 529 3408 diducit?
568 3349 620 3427 qui
643 3346 778 3408 athletas
801 3346 1012 3409 nobilissimos
1035 3348 1157 3429 pascit?
1190 3346 1283 3426 quid?

55 3450 124 3513 illos
156 3452 279 3518 otiosos
309 3443 420 3526 uocas,
451 3453 563 3532 quibus
594 3455 678 3535 apud
709 3461 872 3515 tonsorem
905 3453 1024 3517 multae
1055 3453 1153 3516 horae
1184 3462 1283 3515 trans-

57 3672 70 3750 l
91 3656 236 3763 natuseipsos
328 3657 404 3764 figunt
495 3701 552 3752 2et
572 3705 622 3749 tam
643 3699 706 3753 olim
725 3715 814 3755 corn:
836 3703 886 3753 eriri
975 3701 1058 3766 oqui
1075 3698 1198 3769 Madur'q,
1217 3702 1284 3765 quod

58 3838 113 3893 Εἲς
135 3846 161 3889 ut
253 3840 422 3892 tiualitudine
513 3802 635 3894 iincassfl
649 3801 704 3892 onis
790 3843 822 3896 10
842 3796 901 3910 arim
989 3843 1021 3896 16
1041 3843 1170 3893 ebasilica
1186 3840 1281 3895 Gertz:

57 3930 175 3978 abasiliea
291 3931 367 3981 demsr
377 3946 393 3976 r
506 3930 540 3983 18
565 3933 636 3982 suis*
752 3932 783 3984 19
808 3950 868 3997 quos
887 3934 957 3981 hasta
980 3928 1125 3985 Pincianus
1145 3935 1195 3998 (aut
1213 3933 1284 3980 hasta

58 4042 204 4140 Maduip)r
221 4073 293 4121 hasta
382 4071 417 4124 20
444 4031 518 4122 imilla
608 4073 642 4126 24
668 4077 776 4139 pretiosa
866 4033 981 4124 conciriht
1071 4073 1284 4137 251nerugin0sis

155 4162 229 4210 inehe
241 4177 312 4209 roma
325 4165 389 4213 tenti.
410 4163 550 4226 profacinus
641 4164 674 4215 26
694 4170 817 4227 spectator
837 4161 864 4215 Ε
868 4165 893 4213 2:
915 4170 1020 4213 sectator
1110 4162 1143 4214 2?
1162 4163 1229 4210 sedet
1250 4161 1284 4227 (et

59 4248 84 4300 111
97 4259 164 4313 ras.)
252 4248 285 4316 21
299 4251 436 4299 uinctorum
450 4249 621 4321 Borrqarslus
635 4253 808 4318 (iumentorum
824 4249 931 4316 Gerlzl:
953 4254 1061 4310 1111101011
1133 4250 1167 4303 28
1180 4253 1284 4300 athletas

61 4336 92 4401 (at
112 4320 196 4405 corr.)
300 4340 467 4389 nobilissimos
480 4338 556 4394 Koch
565 4340 722 4407 '(nolissimos
736 4339 858 4410 Lapsius:
880 4343 949 4390 nouis
962 4342 1025 4390 cibis
1040 4339 1181 4409 Marluiqh
1202 4341 1283 4389 nouis·

60 4428 132 4477 simos
224 4426 257 4479 29
277 4444 351 4478 uocas
371 4428 392 4496 (s
411 4444 485 4482 corr.
506 4444 544 4482 ex
563 4427 581 4496 1)
666 4437 724 4495 aput
743 4429 763 4498 (t
781 4444 854 4484 corr.
873 4429 900 4482 in
920 4430 946 4494 d)
