3060 5078
477 305 557 353 DlAL,
573 308 613 350 111.
638 308 679 348 DE
694 309 750 348 IRA'
760 307 816 349 LlB.
832 307 850 349 I.
870 311 904 350 20.
919 309 952 350 21.
1284 315 1325 373 55

80 445 180 516 hanc
212 427 277 516 eius
303 473 417 515 uocem
446 455 488 516 ad
519 454 693 515 incitandas
724 454 958 515 coniuratorum
997 463 1120 515 mentes
1155 454 1323 515 addidisse.

63 589 69 598 -
100 559 230 622 ultimae
253 560 335 622 enim
357 560 527 641 patientiae
543 561 643 621 uisum
668 568 716 621 est
740 579 812 620 eum
828 559 916 634 ferre,
940 560 992 640 qui
1009 561 1117 621 Iouem
1141 580 1205 621 non
1220 559 1323 622 ferret.

69 655 85 713 l
189 666 277 730 XXI.
322 664 407 728 Nihil
438 686 516 746 ergo
548 667 579 726 in
610 666 672 741 ira,
695 685 735 726 ne
759 686 831 727 cum
854 667 978 727 uidetur
1001 658 1129 746 quidem
1152 665 1326 728 uehemens

106 781 132 834 et
165 773 245 835 deos
275 772 482 853 hominesque
512 772 705 854 despicienS,
741 792 909 852 magnum,
936 771 1010 832 nihil
1041 771 1148 834 nobile
1171 781 1227 835 est.
1273 782 1328 835 aut

104 880 127 941 si
153 879 278 940 uidetur
315 877 403 940 alicui
442 898 594 958 magnum
632 878 772 940 animum
810 879 855 939 ira
892 878 1075 960 producere,
1114 879 1256 941 uideatur
1294 888 1353 941 ets

104 985 241 1047 luxuria:
275 985 374 1046 ebore
409 985 552 1046 sustineri
583 982 664 1058 uult,
695 1003 833 1066 purpura
863 985 984 1059 uestiri‚
1016 1005 1092 1047 auro
1122 986 1196 1066 tegi,
1226 995 1327 1047 terras

103 1090 286 1166 transferre,
319 1091 417 1153 maria
444 1089 646 1165 concludere,
685 1089 813 1152 flumina
842 1092 1064 1173 praecipitare,
1101 1112 1233 1154 nemora
1260 1114 1325 1154 sus-

64 1174 247 1280 apendere.
285 1197 429 1259 uideatur
451 1205 483 1258 et
506 1198 635 1259 auaritia
658 1198 765 1277 magni
787 1198 901 1259 animi:
928 1199 1047 1259 aceruis
1061 1200 1127 1260 auri
1142 1200 1327 1280 argentique

98 1303 228 1365 incubat
258 1311 291 1364 et
321 1302 551 1384 prouinciarum
587 1303 766 1365 nominibus
798 1323 894 1383 agros
925 1302 999 1365 colit
1030 1312 1062 1366 et
1083 1305 1159 1391 sub
1197 1305 1326 1385 singulis

98 1405 212 1476 uillicis⁴¹
249 1408 376 1470 latiores
413 1407 512 1471 habet
550 1409 628 1471 fines
666 1429 770 1490 quam
800 1430 880 1490 quos
919 1409 1063 1472 consules
1105 1411 1325 1474 sortiebantur.
1342 1431 1366 1470 u

57 1532 74 1586 3
95 1515 243 1576 uideatur
266 1523 298 1576 et
320 1515 418 1576 libido
442 1516 549 1596 magni
572 1515 684 1577 animi:
715 1523 891 1578 transnatat
914 1515 1002 1591 freta,
1025 1537 1194 1598 puerorum
1210 1536 1326 1599 greges

95 1628 225 1697 castrat,
247 1620 306 1682 sub
329 1621 470 1701 gladium
494 1622 596 1683 mariti
611 1622 697 1683 uenit
714 1620 817 1703 [uxor]
836 1631 940 1684 morte
956 1631 1150 1704 contempta.
1183 1624 1326 1687 uideatur

94 1735 132 1789 et
154 1726 285 1789 ambitio
316 1727 423 1807 magni
453 1728 564 1789 animi:
599 1747 664 1788 non
694 1736 743 1789 est
765 1736 916 1790 contenta
946 1728 1119 1790 honoribus
1143 1732 1267 1805 annuis,
1300 1733 1327 1793 si

92 1833 164 1895 fieri
186 1841 302 1914 potest,
324 1854 388 1895 uno
411 1835 539 1896 nomine
562 1853 720 1915 occupare
750 1833 848 1907 fastus
871 1833 945 1909 uult,
977 1855 1187 1918 peromnem
1210 1837 1325 1899 orbem

49 1936 206 2001 utirulos
229 1940 405 2020 disponere.
460 1941 566 2002 omnia
587 1941 648 2002 ista
677 1960 743 2002 non
773 1938 868 2002 refert
898 1942 929 2002 in
960 1950 1112 2022 quantum
1146 1945 1323 2025 procedant
1341 1962 1366 2001 rs

92 2036 337 2127 extendantque
366 2065 410 2107 se.
456 2055 591 2135 angusta
620 2055 709 2122 sunt,
741 2047 868 2122 misera,
892 2049 1059 2130 depressa:
1093 2047 1162 2110 sola
1184 2049 1326 2114 sublimis

91 2159 132 2213 et
154 2141 281 2218 excelsa
304 2153 399 2239 uirtus
423 2160 479 2227 est,
503 2173 562 2215 nec
589 2155 757 2236 quicquam
790 2175 940 2235 magnum
969 2164 1018 2216 est
1040 2155 1097 2217 nisi
1120 2157 1208 2236 quod
1231 2157 1324 2232 simul

89 2257 264 2340 placidum.
428 2262 433 2266 ’
685 2282 687 2287 ·

90 2502 111 2556 6
131 2497 249 2571 terra⁵'⁴(s
262 2519 296 2559 m.
305 2519 352 2574 pr.
367 2506 517 2574 superscr.)
591 2506 623 2557 11
637 2507 749 2576 uideatur
763 2507 786 2572 (u
798 2521 842 2576 pr.
856 2505 881 2558 in
896 2507 964 2570 ros.)
1040 2507 1073 2559 12
1092 2510 1157 2556 uenit
1179 2483 1259 2560 morte
1275 2510 1327 2564 sed

91 2627 124 2680 in
142 2643 231 2697 uturp.
250 2633 280 2680 ut
299 2626 353 2682 uid.
373 2645 407 2682 m.
427 2644 481 2682 rec.
499 2593 580 2690 lutor,
603 2645 686 2698 quum
704 2646 798 2683 uocem
817 2627 907 2682 adhuc
931 2627 1071 2699 sculpatum
1096 2629 1240 2685 delendam
1265 2648 1325 2687 esse
1386 2684 1388 2688 .

91 2713 166 2769 ecidit
186 2712 267 2768 Gertz
376 2717 409 2768 14
428 2717 503 2767 fastus
522 2719 544 2782 (s
563 2723 636 2771 extr.
655 2718 681 2770 iu
701 2718 769 2784 ras.)
