3046 5092
331 347 410 391 DIAL.
425 346 465 391 Xl.
494 348 535 390 AD
550 346 686 393 HELVIAM
701 347 832 390 MATREM
847 348 888 391 DE
902 347 1146 394 CONSOLATIONE.
1179 352 1209 396 lo.
1318 355 1381 419 257

94 507 107 557 t
247 494 288 556 X.
318 495 404 557 Bene
427 515 506 575 ergo
529 495 659 558 exilium
683 496 752 559 tulit
776 496 944 559 Marcellus
966 518 1026 560 nec
1047 498 1214 579 quicquam
1231 499 1261 560 in
1277 499 1383 561 animo

160 605 223 665 eius
246 603 381 665 mutauit
403 602 463 665 loci
488 605 634 678 mutatiO,
663 605 806 684 quamuis
830 624 900 666 eam
924 615 1093 687 paupertas
1117 614 1307 686 sequeretur.
1352 606 1384 666 in

159 729 219 791 qua
251 708 325 770 nihil
349 709 422 771 mali
446 729 531 785 esse,
562 711 700 791 quisquis
724 712 823 773 modo
847 713 988 774 nondum
1012 712 1154 793 peruenit
1176 714 1206 773 in
1230 713 1383 774 insaniam

158 816 265 878 omnia
288 816 498 879 subuertentis
522 817 670 879 auaritiae
693 827 788 898 atque
812 816 968 893 luxuriae,
992 819 1153 900 intellegit.
1199 819 1397 901 quantulum

159 923 241 984 enim
266 931 324 996 est,
347 924 434 1005 quod
457 924 488 984 in
512 923 643 985 tutelam
667 923 802 985 hominis
826 926 1034 986 necessarium
1059 929 1119 987 sit?
1151 934 1183 987 et
1203 926 1250 987 cui
1272 928 1384 988 deesse
1411 958 1423 995 5

95 1039 131 1092 2
158 1030 220 1092 hoc
251 1038 359 1111 potest
391 1029 486 1091 ullam
515 1027 614 1092 modo
642 1031 789 1092 uirtutem
814 1029 964 1092 habenti?
1003 1032 1091 1111 quod
1114 1033 1156 1093 ad
1180 1053 1232 1094 me
1255 1033 1383 1113 quidem

159 1137 310 1218 pertinet,
349 1136 499 1217 intellego
538 1157 589 1199 me
628 1158 691 1199 non
733 1158 812 1219 opes
850 1139 907 1199 sed
946 1140 1170 1220 occupationes
1200 1140 1384 1220 perdidisse.

158 1245 300 1325 corporis
332 1243 448 1324 exigua
480 1244 635 1305 desideria
665 1254 756 1306 sunt:
791 1243 887 1324 frigus
910 1244 1093 1308 submoueri
1117 1245 1199 1318 uolt,
1231 1246 1384 1310 alimentis

158 1351 277 1413 famem
308 1371 346 1412 ac
375 1351 458 1413 sitim
489 1351 683 1430 extinguere.
730 1352 881 1432 quidquid
907 1363 999 1412 extra
1022 1353 1265 1432 concupiscitur,
1296 1355 1384 1428 uitiis,

158 1479 222 1520 non
246 1457 354 1519 usibus
377 1456 545 1519 laboratur.
592 1477 656 1518 non
672 1466 721 1519 est
736 1478 865 1519 necesse
880 1478 977 1520 omne
993 1459 1177 1539 perscrutari
1193 1458 1384 1539 profundum
1403 1489 1424 1527 u

159 1583 217 1626 nec
240 1574 347 1656 strpge
371 1563 550 1625 animalium
575 1573 717 1626 uentrem
742 1584 873 1626 onerare
897 1586 955 1626 nec
979 1564 1143 1644 conchylia
1166 1565 1265 1627 ultimi
1291 1570 1385 1629 maris

159 1692 200 1732 ex
224 1671 333 1750 ignoto
357 1669 448 1732 litore
471 1689 598 1732 eruere:
633 1672 665 1733 di
689 1671 766 1732 istos
788 1673 929 1753 deaeque
945 1674 1088 1752 perdant,
1112 1692 1247 1761 quorum
1263 1673 1385 1735 luxuria

127 1787 225 1844 :atam
257 1778 401 1838 inuidiosi
431 1778 551 1859 imperii
579 1776 658 1838 fines
681 1779 883 1854 transcendit.
930 1778 1011 1840 ultra
1035 1778 1148 1840 Phasin
1173 1781 1243 1863 capi
1266 1780 1384 1855 uolunt,

158 1886 246 1966 quod
270 1883 472 1945 ambitiosam
496 1884 647 1965 popinam
672 1885 811 1959 instruat,
834 1905 893 1946 nec
916 1887 1003 1968 piget
1027 1906 1045 1946 a
1068 1876 1207 1960 Parthis',
1230 1887 1384 1967 aquibus

158 1992 301 2053 nondum
325 2010 445 2072 poenas
466 1991 654 2072 repetiimus,
678 2011 753 2052 aues
769 2000 886 2073 petere.
925 1993 1064 2072 undique
1081 1992 1261 2054 conuehunt
1278 1995 1385 2056 omnia
1403 2021 1424 2060 u,

158 2108 236 2160 nota
266 2097 377 2176 agnota
409 2095 575 2160 fastidienti
607 2097 707 2179 gulae.
754 2101 841 2178 quod
865 2099 1036 2160 dissolutus
1061 2100 1177 2161 deliciis
1200 2099 1385 2162 stomachus

158 2206 212 2266 uix
236 2203 396 2278 admittat,
418 2203 459 2263 ab
484 2202 594 2266 ultimo
617 2213 762 2285 portatur
777 2203 918 2267 Oceano
957 2216 1089 2267 uomunt
1111 2215 1144 2267 ut
1161 2208 1263 2281 edant,
1287 2210 1385 2269 edunt

159 2320 193 2373 ut
216 2317 362 2384 uomant,
388 2319 420 2371 et
444 2309 565 2393 epulas,
589 2331 672 2398 quas*
690 2320 762 2374 toto
786 2311 864 2373 orbe
887 2313 1081 2392 conquirunt,
1106 2332 1165 2375 nec
1188 2333 1384 2395 concoquere

158 2418 338 2496 dignantur.
383 2416 443 2477 ista
466 2417 491 2478 si
514 2419 583 2498 quis
606 2419 747 2499 despicit,
771 2419 847 2498 quid
870 2419 910 2480 illi
934 2431 1102 2501 paupertas
1125 2423 1240 2482 nocet?
1270 2422 1296 2481 si
1316 2422 1384 2502 quis

158 2523 366 2607 concupiscit,
388 2522 428 2584 illi
452 2534 621 2605 paupertas
645 2526 739 2586 etiam
763 2527 902 2606 prodest.
950 2527 1062 2588 inuitus
1086 2528 1167 2588 enim
1192 2536 1321 2588 sanatur
1344 2537 1384 2603 et,
1399 2555 1424 2593 20

159 2631 185 2692 si
214 2630 357 2692 remedia
387 2650 428 2691 ne
459 2640 587 2692 coactus
619 2632 747 2711 quidem
779 2633 903 2713 recipit,
940 2634 1064 2694 interim
1096 2642 1181 2695 certe
1213 2634 1289 2694 dum
1321 2655 1385 2695 non

121 2744 269 2819 lpotest
299 2735 395 2810 uelle,
427 2736 546 2814 nolenti
578 2736 684 2799 similis
713 2747 769 2799 est.
817 2736 851 2800 C.
876 2737 1008 2814 Caesar,
1039 2760 1134 2821 quem
1164 2739 1239 2802 mihi
1262 2741 1386 2802 uidetur

158 2862 263 2906 rerum
288 2851 400 2904 natura
422 2843 567 2917 edidisse,
591 2853 624 2904 ut
648 2845 840 2919 ostenderet,
864 2847 938 2926 quid
962 2866 1088 2908 summa
1111 2847 1184 2908 uitia
1207 2847 1237 2909 in
1261 2867 1386 2909 summa

158 2950 286 3012 fortuna
308 2960 447 3031 possent,
472 2952 586 3012 centies
609 2953 755 3012 sestertio
779 2953 902 3013 cenauit
926 2972 989 3013 uno
1014 2954 1073 3016 die.
1120 2962 1152 3015 et
1174 2955 1204 3015 in
1228 2954 1290 3015 hoc
1315 2974 1383 3014 om-

158 3059 245 3119 nium
276 3056 400 3119 adiutus
430 3057 555 3137 ingenio
579 3059 633 3118 uix
657 3067 764 3119 tamen
787 3059 919 3133 inuenit,
950 3062 1117 3140 quomodo
1140 3061 1233 3122 trium
1257 3061 1382 3141 prouin-
1399 3086 1423 3124 n

120 3165 279 3240 fuciarum
303 3162 454 3226 tributum
479 3183 540 3225 una
564 3184 641 3225 cena
664 3164 761 3226 fieret.
808 3187 828 3227 o
852 3164 1057 3240 miserabileS,
1086 3187 1220 3247 quorum
1244 3165 1384 3249 palatum

158 3270 217 3331 nisi
239 3271 282 3331 ad
305 3270 462 3350 pretiosos
486 3269 574 3332 cibos
589 3291 653 3332 non
669 3272 842 3333 excitatur!
876 3272 1033 3352 pretiosos
1049 3282 1154 3335 autem
1171 3293 1235 3334 non
1252 3274 1385 3335 eximius

159 3396 256 3458 sapor
278 3386 332 3438 aut
355 3375 458 3456 aliqua
480 3376 614 3438 faucium
640 3377 785 3453 dulcedo,
808 3380 865 3440 sed
889 3362 997 3440 raritas
1021 3388 1053 3440 et
1074 3378 1240 3442 difficultas
1255 3381 1386 3462 parandi

159 3482 240 3545 iacit.
288 3482 402 3563 alioqui
424 3485 450 3545 si
474 3486 515 3545 ad
539 3503 648 3545 sanam
672 3485 729 3546 illis
754 3494 894 3547 mentem
918 3484 1041 3567 placeat
1062 3488 1184 3562 reuerti,
1208 3487 1284 3569 quid
1304 3506 1385 3569 opus
1462 3567 1466 3575 ἱ

161 3785 272 3836 ttulit*
292 3781 506 3850 (litlera'erasu)
598 3785 794 3837 hnecessarium
814 3793 835 3835 st
856 3783 938 3839 Gertz
1035 3747 1127 3840 (lime
1210 3764 1297 3856 Sulllt

159 3872 175 3925 9
195 3875 312 3938 quicquid
333 3874 356 3940 (c
370 3888 408 3927 ex
422 3875 438 3922 d
452 3876 536 3937 cort.)
629 3876 660 3926 1‘2
680 3877 713 3923 dii
811 3876 844 3926 15
863 3877 1002 3941 repetiimus
1022 3875 1146 3946 Lt'psirm:
1168 3881 1297 3943 repetimus

159 3960 283 4085 conugunt
374 4014 406 4068 16
432 4021 491 4065 nota
510 4018 593 4080 ignota
615 4013 712 4070 Gertz:
733 4023 792 4067 nota
887 4018 921 4072 17
946 3963 1040 4069 arhiltat
1060 4021 1094 4084 (d,
1114 4028 1143 4072 ut
1160 4019 1277 4083 uidetur,
1296 4039 1329 4073 m.
1341 4038 1385 4092 pr.

864 4118 878 4148 1.
887 4105 909 4146 di
928 4119 990 4146 erere

158 4157 311 4228 suprascr.)
424 4155 457 4209 18
485 4134 544 4223 quas
565 4159 585 4225 (s
605 4175 638 4214 m.
652 4157 711 4228 pr.)
816 4119 969 4226 concoqllere
988 4163 1138 4230 (suprascr.
1158 4179 1196 4216 m..
1211 4165 1278 4231 rec.)

159 4247 191 4301 21
221 4247 308 4311 recipit
329 4244 385 4298 11¹⁴:
406 4249 498 4312 recepit
607 4247 641 4301 22
667 4254 746 4314 potest
764 4249 827 4298 uelle
845 4246 975 4319 Maduiq:
997 4257 1076 4315 potest
1096 4253 1137 4300 illa
1246 4254 1274 4306 C.
1294 4255 1387 4302 Caesar

159 4333 219 4389 E':
241 4335 273 4390 G.
293 4350 363 4401 cesar
381 4344 494 4402 augustus
619 4335 653 4390 23
679 4344 765 4388 natura
784 4339 891 4388 edidisse
913 4339 951 4405 (ra
969 4357 983 4389 e
1001 4340 1084 4406 eurr.)
1210 4339 1245 4394 28
1270 4346 1385 4406 saporaut

148 4457 201 4528 (ra
219 4462 303 4529 corr.)
393 4462 501 4511 saucium
519 4458 683 4517 delenhres:
703 4462 768 4514 sauci
787 4461 909 4525 (fourr.)
981 4440 1296 4536 29211⁰qui(0m.pr.)

216 4560 219 4568 ·
1140 4554 1173 4608 17
