3046 5092
488 277 568 350 oran.
585 307 622 350 rv.
651 307 691 348 us
707 308 758 348 um
773 307 828 349 Lm.
844 306 873 350 11.
902 308 984 350 mm.
1308 314 1344 373 71

108 456 272 536 luoluptas
295 453 384 516 laxat
412 454 535 515 animos
559 463 590 515 et
613 463 777 536 temperat.
824 451 1029 515 umidioribus
1052 452 1294 534 siccioribusque
1318 463 1350 515 et

133 561 232 646 rigidis
253 581 317 623 non
342 570 392 622 est
414 560 456 622 ab
479 560 524 621 ira
544 558 733 641 periculum,
757 560 815 622 sed
839 561 960 621 maiora
982 559 1056 620 uitia
1080 560 1251 622 metuenda
1269 569 1350 635 sunt,

136 688 226 754 pauor
246 674 278 729 et
301 666 468 729 difficultas
492 674 524 728 et
547 666 727 748 desperatio
751 675 783 728 et
805 667 1007 748 suspiciones.
1053 664 1224 727 mollienda
1246 667 1351 747 itaque

73 750 75 813 l
140 773 323 855 louendaque
352 772 428 835 talia
458 773 583 854 ingenia
612 781 645 834 et
676 773 707 834 in
738 771 888 834 laetitiam
912 775 1075 834 euocanda
1097 781 1179 834 sunt.
1224 781 1256 834 et
1279 773 1352 855 quia

144 884 196 946 aliis
217 888 323 943 contra
345 881 437 955 iram,
469 879 535 942 aliis
558 888 670 942 contra
692 879 848 942 tristitiam
872 878 1018 942 remediis
1042 879 1196 940 utendum
1220 887 1268 943 est
1290 899 1377 940 neca
1422 961 1426 968 ι

147 987 332 1051 dissimillimis
363 995 487 1049 tantum
518 986 590 1061 ista,
621 987 679 1048 sed
708 986 869 1049 contrariis
893 985 1033 1048 curanda
1055 994 1143 1061 sunt,
1174 1005 1300 1067 semper
1323 986 1351 1046 ei

149 1113 325 1156 occurremus
348 1092 435 1174 quod
458 1093 630 1154 increuerit.

126 1209 138 1260 l
219 1198 299 1259 XXI.
340 1198 526 1274 Plurimum,
558 1200 701 1281 inquam,
732 1195 873 1280 proderit
902 1217 1019 1280 pueros
1049 1197 1157 1260 statim
1187 1197 1352 1261 salubriter

73 1370 77 1385 ‚
151 1305 252 1380 hstitui,
283 1303 407 1368 difficile
438 1315 545 1368 autem
576 1307 718 1387 regimen
741 1314 802 1380 est,
831 1306 903 1385 quia
931 1305 1008 1367 dare
1031 1304 1187 1367 debemus
1210 1325 1351 1385 operam,

73 1408 75 1415 '
125 1418 182 1472 ine
206 1421 249 1473 aut
275 1413 353 1474 iram
377 1413 408 1474 in
431 1410 488 1475 illis
512 1414 684 1476 nutriamus
708 1421 762 1475 aut
784 1410 924 1474 indolem
948 1411 1163 1474 retundamus.
1210 1410 1352 1490 diligenti
1367 1426 1391 1467 n

152 1515 346 1580 obseruatione
368 1539 419 1580 res
443 1519 570 1600 indiget.
617 1528 785 1600 utrumque
809 1518 891 1580 enim
915 1527 948 1579 et
971 1518 1058 1599 quod
1082 1517 1301 1580 extollendum
1318 1525 1351 1578 et

151 1625 220 1702 quod
245 1626 484 1706 deprimendum
516 1634 577 1702 est,
607 1625 758 1688 similibus
786 1624 884 1688 alitur.
930 1623 1019 1687 facile
1042 1633 1149 1687 autem
1173 1626 1268 1686 etiarn
1292 1625 1348 1686 ad-

122 1731 308 1794 3tendentem
349 1731 461 1793 similia
499 1732 666 1813 decipiunt.
720 1733 831 1794 crescit
868 1731 992 1794 licentia
1022 1732 1160 1812 spiritus,
1200 1731 1349 1792 seruitute

152 1838 352 1900 comminuitur.
391 1837 540 1920 adsurgit,
564 1839 588 1900 si
612 1838 765 1914 laudatur,
790 1847 822 1899 et
845 1839 876 1899 in
899 1858 990 1919 spem
1013 1838 1060 1899 sui
1082 1836 1201 1899 bonam
1220 1837 1349 1898 adduci-

150 1947 200 2014 tur,
224 1945 273 2004 sed
303 1944 418 2006 eadem
449 1945 509 2006 ista
539 1943 737 2006 insolentiam
762 1953 794 2005 et
816 1944 1008 2006 iracundiam
1032 1952 1202 2024 generant:
1243 1944 1349 2022 itaque
1366 1958 1389 1999 u

150 2044 186 2105 sic
208 2047 276 2111 inter
305 2058 474 2133 utrumque
505 2050 662 2132 regendus
690 2060 752 2126 est,
783 2058 818 2111 ut
841 2051 940 2112 modo
963 2049 1057 2112 frenis
1080 2059 1217 2124 utamur,
1250 2049 1350 2111 modo

119 2150 264 2217 lstimulis.
307 2155 382 2218 nihil
405 2155 530 2232 humile,
554 2155 628 2219 nihil
651 2156 762 2219 seruile
784 2158 929 2238 patiatur.
976 2177 1149 2237 numquam
1165 2154 1206 2216 illi
1221 2174 1351 2219 necesse

149 2255 181 2315 sit
204 2278 304 2341 rogare
335 2262 515 2344 suppliciter
544 2283 604 2324 nec
636 2264 737 2344 prosit
767 2283 911 2343 rogasse,
940 2264 1047 2345 potius
1079 2282 1192 2324 causae
1220 2281 1295 2322 suae
1318 2269 1351 2322 et

121 2361 278 2440 uprioribus
307 2368 398 2430 factis
429 2376 461 2430 et
489 2368 580 2430 bonis
603 2370 634 2430 in
657 2368 795 2431 futurum
819 2369 981 2451 promissis
1005 2371 1149 2431 donetur.
1195 2369 1225 2429 in
1249 2364 1348 2429 c'erta-

151 2465 259 2535 minibus
296 2472 473 2562 aequalium
501 2496 561 2537 nec
590 2477 670 2554 ringi
692 2475 778 2537 illum
809 2478 965 2557 patiamur
995 2496 1054 2537 nec
1084 2475 1182 2536 irasci.
1235 2475 1348 2536 demus
1363 2489 1389 2529 20

151 2591 268 2656 Operam,
298 2589 334 2642 ut
356 2581 514 2644 familiaris
536 2583 576 2643 sit
598 2583 651 2656 iis,
682 2602 754 2645 cum
777 2583 891 2664 quibus
914 2583 1108 2644 contendere
1130 2580 1230 2657 solet,
1262 2589 1296 2642 ut
1318 2580 1349 2641 in

150 2688 292 2749 certamine
308 2689 476 2750 adsuescat
492 2707 556 2749 non
571 2664 688 2750 nocere
703 2687 790 2764 uelle,
814 2690 870 2750 sed
886 2690 1018 2752 uincere.
1057 2689 1203 2770 quotiens
1220 2706 1347 2768 supera-

150 2786 212 2848 uerit
230 2802 257 2854 et
281 2795 413 2874 dignum
436 2793 553 2876 aliquid
575 2793 670 2857 laude
692 2793 808 2871 fecerit,
832 2795 941 2870 attolli,
964 2815 1029 2858 non
1052 2796 1168 2875 gestire
1182 2793 1348 2876 patiamur.

150 2897 272 2968 gaudium
303 2902 388 2962 enim
416 2899 584 2976 exultatio,
615 2900 844 2964 exultationem
868 2911 975 2964 tumor
998 2909 1030 2963 et
1053 2902 1148 2964 nimia
1170 2899 1348 2963 aestimatio

122 3003 135 3055 6
150 2996 186 3056 sui
197 3007 331 3086 sequitur:
362 3005 507 3069 dabimus
523 3007 651 3088 aliquod
666 3006 894 3082 laxamentum,
917 3009 947 3069 in
964 3007 1117 3069 desidiam
1141 3027 1217 3068 uero
1232 3007 1347 3067 otium·
1363 3018 1389 3058 25

73 3098 79 3111 ’
149 3121 198 3180 que
221 3131 277 3174 non
304 3111 502 3175 resoluemus
529 3123 562 3175 et
584 3113 695 3195 procul
718 3135 737 3176 a
760 3122 907 3176 contactu
932 3113 1111 3175 deliciarum
1135 3112 1347 3175 retinebimus

148 3207 207 3272 nihil
225 3219 300 3280 enim
326 3221 428 3298 magis
452 3219 525 3281 facit
547 3219 713 3282 iracundos
736 3241 833 3300 quam
857 3219 1003 3282 educatio
1027 3218 1130 3281 mollis
1153 3228 1186 3281 et
1208 3218 1344 3280 blanda:

148 3310 206 3378 ideo
218 3325 305 3387 unicis
321 3346 387 3407 quo
402 3325 472 3407 plus
487 3325 676 3406 indulgetur,
699 3322 886 3408 pupillisque
901 3347 965 3407 quo
981 3326 1051 3408 plus
1069 3325 1150 3400 licet,
1174 3326 1349 3407 corruptior

149 3419 244 3490 animus
272 3440 329 3493 est
375 3452 440 3492 non
469 3433 595 3493 resistet
626 3432 753 3494 offensis
784 3433 832 3494 cui
856 3432 930 3494 nihil
953 3452 1092 3513 unquam
1116 3440 1267 3510 negatum
1291 3440 1348 3507 est,

112 3526 125 3550 '
148 3525 215 3592 cuius
239 3535 380 3600 lacrimas
403 3536 534 3601 sollicita
557 3558 683 3620 semper
706 3547 808 3601 mater
831 3540 990 3620 apstersit,
1021 3538 1070 3600 cui
1093 3538 1133 3600 de
1155 3540 1348 3618 paedagogo
1363 3557 1389 3597 30

120 3631 312 3706 isatistaetum
337 3652 394 3707 est
439 3665 504 3706 non
527 3631 624 3720 uides,
647 3653 682 3706 ut
705 3646 857 3707 maiorem
881 3666 1041 3728 quamque
1063 3644 1223 3707 fortunam
1248 3643 1350 3705 maior

148 3732 184 3796 iri
201 3750 375 3812 comitetur?
406 3749 437 3809 in
461 3750 609 3811 diuitibus
633 3759 665 3812 et
688 3750 846 3812 nobilibus
869 3760 902 3813 et
925 3751 1161 3830 magistratibus
1180 3726 1352 3832 praecipue

150 3873 332 3899 χ-

206 3952 394 4016 lhumidiorib;
421 3960 515 4027 (tolum
534 3960 562 4012 r'u
581 3961 664 4027 ras.)v
728 3962 760 4014 13
785 3964 872 4011 crescit
890 3978 960 4014 uuus
980 3961 1160 4016 deteriorum:
1186 3970 1278 4014 crescet

149 4028 177 4080 14
191 4049 276 4110 assurgit
294 4048 384 4118 (prior
402 4065 414 4097 s
433 4047 517 4114 corr.)
610 4048 642 4101 lt>
662 4050 743 4114 itaque
762 4051 797 4099 sic
816 4049 886 4116 eod„
905 4053 940 4100 sic
959 4053 1042 4116 itaque
1060 4050 1142 4121 uulgo
1232 4051 1266 4104 20
1284 4053 1348 4117 tingi

148 4113 221 4214 K'00l:
242 4137 303 4185 uinci
323 4135 392 4200 eod,
418 4134 493 4205 quod
517 4134 592 4190 nullo
612 4145 697 4206 pecto
722 4139 786 4191 uoei
809 4139 895 4191 irasci
911 4154 1049 4208 opponere
1068 4138 1145 4196 lieet3
1172 4156 1259 4209 neque
1279 4156 1346 4210 pro-

147 4201 221 4302 libere
237 4231 362 4290 poteraut
378 4231 575 4295 praeceptores
593 4226 737 4295 quominus
761 4227 788 4278 iu
811 4226 1003 4280 certaminibus
1021 4225 1077 4280 uus
1095 4225 1228 4281 alteruter
1246 4245 1346 4298 aequa·

149 4288 201 4350 lium
215 4309 323 4367 uinrerei
401 4314 434 4366 21
454 4308 583 4364 familiaris
682 4315 716 4367 22
735 4323 856 4366 assuescat
877 4315 967 4384 (prior
985 4333 996 4364 s
1015 4316 1098 4382 corr.)
1178 4317 1212 4368 26
1231 4324 1349 4368 contactu

149 4377 281 4453 Medores:
301 4405 396 4453 §tractu
469 4401 503 4455 30
522 4404 634 4453 abstersit
