3046 5092
244 333 324 376 DlAl..
340 333 380 376 1x.
410 334 451 374 ΑΙ)
466 333 608 377 SERENVM
623 336 664 378 DE
676 336 943 388 TRANQVILLITATE
956 338 1055 383 ANIMI.
1084 342 1118 383 ll.
1227 343 1290 407 215

16 490 295 564 3interpretetur.
342 483 486 544 nuntiato
516 481 680 563 naufragio
704 482 814 544 Zenon
845 492 970 558 noster,
1002 503 1074 546 cum
1105 486 1213 547 omnia
1235 505 1293 547 sua

62 599 191 662 audiret
220 587 401 663 submersa,
438 587 541 668 iubet,
580 589 694 668 inquit,
735 608 787 650 me
818 589 943 651 fortuna
973 590 1152 671 expeditius
1189 591 1290 672 philo·
1359 637 1364 648 .

61 701 203 786 sophari.
256 676 435 759 minabatur
465 694 640 757 Theodoro
677 694 870 776 philosopho
907 704 1058 775 tyrannus
1091 706 1227 760 mortem
1258 707 1292 760 et

62 811 194 893 quidem
233 801 440 884 insepultam:
481 799 598 876 habeS,
633 803 748 883 inquit,
785 821 840 863 cur
877 802 933 864 tibi
971 801 1105 883 placeas.
1165 802 1292 867 hemina

62 914 224 996 sanguinis
247 913 278 972 in
301 918 356 972 tua
378 915 540 989 potestate
563 917 631 969 est:
665 927 739 969 nam
763 908 851 988 quod
875 908 916 969 ad
937 907 1130 989 sepulturam
1146 910 1291 991 pertinet,
1318 927 1331 964 ⁵

64 1044 86 1085 o
123 1030 156 1082 te
191 1020 349 1099 ineptum,
384 1015 410 1076 si
441 1021 534 1094 putas
565 1033 638 1076 mea
668 1014 835 1089 interesse,
869 1034 965 1096 supra
994 1024 1111 1078 terram
1142 1037 1182 1077 an
1213 1016 1292 1079 infra

19 1136 253 1211 tputrescam.
298 1123 410 1183 Kanus
437 1120 546 1196 Iulius,
577 1123 623 1183 uir
645 1120 784 1200 inprimis
808 1140 954 1202 magnus,
985 1123 1071 1184 cuius
1093 1123 1292 1186 admirationi

63 1255 105 1297 ne
128 1232 191 1295 hoc
213 1231 343 1311 quidem
366 1228 490 1302 obstat,
517 1227 606 1307 quod
629 1236 739 1290 nostro
761 1225 888 1313 saeculo
911 1237 1003 1291 natus
1026 1237 1090 1304 est,
1113 1249 1186 1291 cum
1210 1228 1291 1292 Gaio

63 1341 117 1403 diu
141 1338 318 1411 altercatus,
341 1343 512 1416 postquam
536 1333 664 1395 abeunti
680 1332 818 1395 Phalaris
838 1332 889 1395 ille
906 1333 1007 1398 dixit:
1034 1335 1169 1412 neforte
1184 1335 1291 1416 arrepta

61 1456 120 1527 spe
148 1443 210 1506 tibi
230 1440 429 1516 blandiaris,
461 1439 537 1501 duet'
558 1448 587 1500 te
609 1439 708 1500 iussi:
733 1439 884 1519 gratias,
915 1441 1030 1523 inquit,
1062 1460 1142 1521 ago,
1174 1442 1291 1521 optime
1307 1456 1329 1496 10

21 1551 218 1632 oprinceps.
279 1546 354 1630 quid
390 1547 522 1609 senserit
557 1545 678 1608 dubito.
741 1544 840 1609 multa
875 1547 958 1608 enim
994 1547 1070 1609 mihi
1101 1559 1287 1613 occurrunt:

62 1655 311 1721 contumeliosus
334 1673 404 1716 esse
427 1651 525 1716 uoluit
548 1661 580 1714 et
604 1653 789 1727 ostendere,
812 1662 931 1733 quanta
954 1653 1120 1718 crudelitas
1143 1664 1235 1731 esset,
1259 1657 1290 1718 in
1348 1671 1349 1674 ’

61 1785 126 1847 qua
149 1783 237 1826 mors
260 1759 447 1824 beneficium
471 1762 558 1821 erat?
597 1779 638 1820 an
661 1758 868 1841 exprobrauit
888 1758 929 1820 illi
950 1759 1142 1822 cotidianam
1158 1762 1287 1823 demen-

60 1872 160 1933 tiam?
199 1868 338 1950 agebant
369 1867 452 1928 enim
483 1866 600 1947 gratias
630 1873 663 1927 et
693 1873 829 1946 quorum
861 1864 949 1927 liberi
980 1866 1073 1928 occisi
1098 1875 1131 1929 et
1153 1888 1288 1949 quorum

60 1978 150 2040 bona
171 1974 279 2038 ablata
301 1981 398 2035 erant
441 1993 481 2034 an
501 1981 665 2054 tamquam
681 1970 860 2034 libertatem
876 1970 1011 2034 libenter
1026 1973 1167 2055 accepit?
1198 1974 1287 2056 quid·
1305 1988 1328 2026 ¹⁵

22 2093 41 2147 6
60 2083 138 2164 quid
161 2090 226 2156 est,
250 2099 379 2160 magno-
392 2078 499 2141 animo
523 2077 694 2158 respondit
740 2078 823 2140 dicet
846 2076 973 2159 aliquis:
1004 2079 1107 2160 potuit
1130 2088 1204 2161 post
1226 2079 1289 2143 hoc

60 2188 170 2252 iubere
208 2185 293 2249 illum
326 2184 569 2277 Gaiuseuiuere.
620 2204 684 2245 non
714 2185 817 2246 timuit
848 2184 911 2246 hoc
940 2184 1060 2247 Kanus.
1114 2195 1191 2248 nota
1221 2195 1289 2249 erat

61 2295 121 2359 Gai
147 2297 178 2357 in
201 2292 316 2356 talibus
338 2292 475 2373 imperiis
498 2290 586 2353 fides
632 2292 775 2353 credisne
798 2290 883 2353 illum
907 2291 1019 2353 decem
1044 2293 1166 2354 medios
1189 2313 1289 2374 usque

60 2404 103 2464 ad
125 2399 312 2482 supplicium
336 2397 403 2459 dies
426 2396 492 2458 sine
514 2395 577 2458 ulla
599 2396 806 2459 sollicitudine
830 2397 996 2478 exegisse?
1035 2397 1201 2460 uerisimile
1224 2419 1289 2460 non

61 2516 128 2583 est,
159 2527 244 2589 quae
266 2507 311 2567 uir
334 2502 384 2565 ille
407 2503 653 2587 dixerim-quae
676 2501 799 2578 lecerit,
827 2523 923 2584 quam
947 2503 978 2565 in
1000 2502 1167 2585 tranquillo
1191 2502 1290 2568 suerit.
1304 2519 1329 2558 20

25 2615 195 2682 eludebat
217 2608 407 2685 latrunculis,
430 2629 502 2670 cum
526 2610 666 2672 centurio
690 2629 806 2690 agmen
829 2609 1040 2691 periturorum
1060 2609 1188 2672 trahens
1203 2609 1289 2672 illum

61 2740 190 2802 quoque
218 2717 350 2788 excitari
379 2716 475 2798 iubet,
521 2724 653 2777 uocatus
682 2716 860 2777 numerauit
883 2714 1020 2777 calculos
1042 2724 1075 2778 et
1098 2715 1199 2779 sodali
1221 2737 1289 2791 suo,

62 2825 153 2904 uate,
185 2825 301 2906 inquit,
333 2843 372 2885 ne
395 2831 474 2901 post
501 2830 634 2882 retortam
665 2841 770 2884 meam
801 2821 970 2883 mentiaris
1000 2831 1030 2882 te
1053 2820 1174 2885 uicisse.
1220 2831 1288 2885 tum

61 2932 204 2995 adnuens
227 2929 414 3004 centurioni,
445 2929 547 3006 testis,
574 2929 680 3009 inquit,
703 2929 769 2989 eris
791 2949 852 2990 uno
875 2949 925 2990 me
940 2928 1131 2990 antecedere.
1179 2928 1288 2991 lusisse

27 3048 96 3106 atu
125 3039 255 3101 Kanum
288 3036 338 3099 illa
368 3035 477 3098 tabula
507 3039 619 3118 putas?
659 3035 770 3098 inlusit.
816 3035 920 3098 tristes
951 3044 1040 3098 erant
1070 3036 1161 3097 amici
1191 3035 1289 3098 talem
1303 3050 1329 3090 π

62 3145 205 3209 amissuri
228 3145 348 3206 uirum:
382 3141 464 3222 quid
484 3143 615 3219 maesti,
640 3143 754 3224 inquit,
777 3141 878 3204 estz'se³
916 3162 973 3203 aas
996 3140 1152 3222 quaeritis
1174 3163 1217 3203 an
1240 3141 1287 3203 in·
1319 3149 1321 3154 ’

61 3251 216 3314 mortales
245 3249 376 3311 animae
405 3249 488 3310 sint:
518 3268 576 3329 ege
606 3249 673 3310 iam
705 3248 816 3310 sciam.
863 3269 923 3310 nec
954 3249 1045 3311 desiit
1068 3247 1234 3312 ueritatem
1258 3249 1289 3311 in

29 3360 132 3441 9ipso
155 3356 218 3420 fine
240 3357 371 3420 scrutari
395 3364 427 3418 et
451 3376 493 3418 ex
517 3364 621 3418 morte
636 3376 694 3418 sua
709 3355 928 3437 quaestionem
944 3355 1071 3417 habere.
1091 3349 1094 3355 ’
1117 3375 1288 3437 proseque-

62 3464 157 3528 batur
180 3462 265 3526 illum
288 3460 495 3544 philosophus
518 3483 592 3524 suus
615 3481 674 3525 nec
696 3462 759 3523 iam
782 3460 893 3542 procul
917 3469 984 3524 erat
1007 3459 1154 3536 tumulus,
1178 3461 1208 3523 in
1224 3481 1289 3543 quo

64 3569 190 3634 Caesari
221 3570 284 3632 d'eo
314 3577 426 3631 nostro
453 3568 555 3631 tiebat
586 3568 780 3631 cotidianum
810 3587 944 3630 sacrum.
989 3567 1023 3642 is,
1054 3565 1149 3646 quat,
1182 3567 1289 3648 inquit,
1303 3581 1329 3622 ³⁰

64 3675 175 3752 Kane,
207 3694 290 3737 nunc
312 3674 459 3755 cogitare
496 3683 555 3735 aut
575 3694 658 3754 quae
680 3673 741 3735 tibi
760 3692 850 3734 mens
871 3673 943 3734 est?
980 3671 1166 3750 obseruare,
1191 3672 1290 3753 inquit
1371 3710 1375 3717 ·

63 3782 184 3857 Kanus,
201 3781 360 3861 proposui
379 3780 436 3842 illo
457 3779 653 3842 uelocissimo
676 3788 831 3841 marcente
853 3799 897 3840 an
920 3797 1074 3840 sensurus
1096 3778 1141 3840 sit
1160 3777 1290 3839 animus

64 4082 79 4134 3
92 4083 200 4133 tirannus
277 4079 295 4132 4
308 4083 361 4146 inqt
374 4081 412 4148 (qt
423 4078 451 4133 t'n
464 4080 531 4147 rat.)
609 4078 624 4132 5
638 4080 717 4145 ptinet
725 4095 742 4128 a
761 4079 946 4148 (parituras.)
1021 4078 1054 4131 10
1066 4079 1120 4143 inqt
1132 4078 1169 4143 (qt
1180 4076 1208 4130 in
1220 4075 1288 4141 ras.)

153 4170 185 4223 ’15
204 4164 273 4236 chd
352 4168 384 4221 18
403 4170 454 4234 gaii
468 4165 565 4236 (altera
582 4170 590 4217 i
603 4185 621 4221 a
633 4182 704 4222 corr.
718 4165 826 4235 addita)
910 4167 944 4220 22
958 4168 1024 4216 iubet
1036 4163 1175 4219 Muretus:
1196 4166 1290 4216 iuberet

151 4259 185 4312 23
205 4260 257 4324 iuqt
276 4261 297 4321 (t
316 4257 399 4323 corr.)
491 4256 524 4310 24
550 4266 657 4306 annuens
753 4255 786 4308 25
812 4261 878 4306 canti
968 4255 1042 4304 illusit
1136 4254 1170 4307 26
1195 4255 1249 4319 inqt
1267 4258 1288 4317 (t

65 4348 146 4414 corr.)
255 4345 289 4400 28
312 4348 439 4411 questione
547 4343 581 4399 29
606 4345 709 4395 tumulus
727 4341 824 4413 trahat
845 4343 941 4408 tumult;
1050 4342 1086 4396 30
1103 4344 1182 4393 cesari

66 4435 97 4488 31
117 4453 178 4487 cane
279 4437 332 4502 inqt
351 4435 370 4502 (t
389 4450 460 4490 carr.
480 4433 508 4488 ἐπ
527 4434 554 4501 (1)
657 4433 691 4488 32
717 4450 791 4484 canus
892 4449 1003 4497 sensurus
1022 4430 1185 4487 deteriores:
1206 4449 1288 4484 sensus
