3046 5092
423 323 578 366 ACCIDANT
598 323 659 365 CVM
681 324 887 365 PROVIDENTlA
911 324 968 365 Sl'l‘.
988 323 1026 368 lv,
1141 306 1142 309 Ἴ
1313 332 1332 391 9
1416 291 1419 297 ¹

111 475 174 557 tiqui
196 473 307 534 saucius
332 470 421 532 redit.
465 471 551 552 ipsis,
582 471 725 551 inquam,
757 471 835 548 deus
859 469 1007 544 consulit,
1038 467 1117 551 quos
1135 482 1211 533 'esse
1235 493 1330 552 quam

136 579 346 643 honestissimos
370 578 463 658 cupit,
487 578 632 657 quotiens
652 575 708 638 illis
725 578 889 638 materiam
906 577 1037 658 praebet
1059 568 1175 658 aliquid
1192 579 1333 640 animose
1377 639 1380 647 ,

135 689 290 767 fortiterque
313 684 453 758 faciendi,
477 685 630 764 adquam
647 705 714 745 rem
731 704 817 764 opus
829 692 876 764 qst
893 682 995 763 aliqua
1011 704 1114 745 rerum
1132 683 1329 748 difficultate:

135 794 354 876 gubernatorem
389 791 421 851 in
457 798 661 872 tempestate,
697 791 727 851 in
763 791 829 851 acie
861 788 991 851 militem
1025 790 1195 878 intellegas.
1250 794 1333 855 unde

135 921 238 981 possum
269 899 363 973 scire,
395 906 546 978 quantum
577 898 728 959 aduersus
760 905 979 977 paupertatem
1012 896 1068 958 tibi
1098 899 1192 960 animi
1215 900 1270 973 sit,
1307 900 1332 960 si
1362 913 1374 949 5

135 1006 223 1068 diuitiis
244 1004 378 1068 diffluis?
419 1005 502 1066 unde
525 1025 656 1085 possum
679 1004 766 1077 scire,
790 1012 942 1084 quantum
963 1005 1114 1065 aduersus
1131 1005 1333 1085 ignominiam

136 1123 158 1174 et
175 1113 320 1174 infamiam
345 1112 516 1192 odiumque
539 1111 691 1192 populare
708 1111 902 1173 constantiae
918 1110 1045 1186 habeas,
1069 1112 1094 1172 si
1114 1112 1193 1173 inter
1209 1111 1352 1193 plausus

136 1222 256 1294 senescis,
294 1220 319 1280 si
358 1227 390 1280 te
429 1217 681 1298 inexpugnabilis
713 1227 744 1280 et
775 1216 973 1280 inclinatione
1012 1219 1151 1298 quadam
1182 1220 1334 1281 mentium

137 1346 228 1404 pronus
249 1325 338 1388 fauor
362 1326 517 1405 sequitur?
558 1325 642 1386 unde
664 1325 748 1398 scio,
779 1344 874 1404 quam
898 1344 1000 1404 aequo
1024 1325 1129 1386 animo
1154 1324 1271 1387 laturus
1294 1327 1335 1388 sis

138 1431 291 1506 orbitatem,
322 1433 347 1493 si
378 1451 594 1512 quoscumque
622 1429 771 1492 sustulisti
808 1431 917 1492 uides?
960 1431 1064 1491 audiui
1087 1440 1131 1506 te,
1162 1453 1233 1493 curn
1258 1432 1335 1494 alios
1351 1455 1374 1490 ro

138 1539 328 1600 consolareris:
371 1548 446 1600 tunc
469 1538 717 1618 conspexissem,
741 1537 766 1598 si
789 1546 822 1599 te
845 1537 911 1618 ipse
935 1537 1115 1599 consolatus
1139 1558 1232 1613 esses,
1255 1541 1280 1601 si
1304 1549 1335 1602 te

115 1642 186 1723 lipse
207 1645 307 1707 dolere
332 1646 491 1707 uetuisses
538 1644 642 1715 nolite,
667 1644 801 1705 obsecro
826 1664 898 1718 uos,
923 1664 1136 1725 expauescere
1160 1646 1230 1719 ista,
1255 1666 1335 1726 quae

139 1750 161 1810 di
181 1751 349 1814 inmortales
382 1750 467 1813 uelut
498 1749 641 1812 stimulos
665 1751 839 1812 admouent
864 1750 990 1812 animis:
1032 1750 1191 1814 calamitas
1215 1753 1335 1815 uirtutis

139 1858 235 1920 occasio
257 1868 313 1921 est.
360 1857 428 1928 illos
453 1858 565 1920 merito
589 1857 657 1938 quis
681 1856 795 1919 dixerit
819 1857 968 1931 miseros,
999 1858 1051 1937 qui
1074 1858 1169 1919 nimia
1192 1855 1336 1921 felicitate

139 1969 305 2043 torpescunt,
343 1985 424 2046 quos
455 1963 542 2027 uelut
571 1965 602 2024 in
634 1964 711 2025 mari
742 1963 827 2024 lento
860 1963 1064 2045 tranquillitas
1095 1965 1176 2026 iners
1208 1966 1335 2028 detinet.
1352 1984 1375 2023 rs

85 2149 87 2152 y
116 2068 259 2152 tquidquid
290 2071 348 2133 illis
378 2071 534 2146 inciderit,
573 2091 692 2132 nouum
725 2069 836 2132 ueniet.
890 2071 990 2151 magis
1022 2081 1135 2151 urgent
1165 2092 1261 2134 saeua
1291 2074 1334 2134 in·
1415 2105 1420 2114 ·

139 2187 275 2256 expertos:
302 2199 400 2260 graue
424 2187 471 2239 est
495 2187 622 2240 tenerae
639 2176 749 2239 ceruici
766 2178 882 2257 iugum.
918 2178 959 2239 ad
975 2179 1184 2258 suspicionem
1201 2178 1336 2242 uolneris

138 2279 181 2341 tiro
200 2285 344 2365 pallescit,
368 2286 527 2359 audaciter
559 2293 727 2346 ueteranus
751 2304 895 2346 cruorem
920 2304 1011 2346 suum
1035 2293 1172 2365 spectat,
1203 2287 1256 2366 qui
1278 2286 1337 2348 scit

139 2404 162 2445 se
185 2410 268 2474 saepe
299 2393 409 2454 uicisse
438 2400 513 2472 post
544 2391 738 2472 sanguinem.
793 2389 854 2452 hos
877 2391 982 2471 itaque
1006 2392 1083 2453 deus
1107 2413 1188 2473 quos
1211 2392 1336 2473 probat,
1404 2414 1425 2453 ο

139 2511 198 2571 quos
217 2509 312 2575 amat,
345 2500 482 2573 indurat,
514 2475 727 2578 recognoscit,
760 2506 897 2560 exercet.
944 2518 999 2559 eos
1024 2507 1131 2560 autem
1154 2499 1268 2578 quibus
1290 2501 1334 2560 in·
1351 2514 1376 2553 ἰο

141 2597 241 2681 dulgere
280 2607 425 2680 uidetur,
455 2605 567 2686 quibus
605 2624 751 2686 parcere,
790 2603 902 2666 molles
933 2605 1071 2666 uenturis
1103 2604 1192 2669 malis
1223 2614 1336 2668 seruat.

140 2711 223 2773 erratis
243 2714 334 2788 enim,
358 2713 383 2774 si
407 2733 501 2793 quem
526 2712 667 2775 iudicatis
691 2720 881 2792 exceptum:
918 2713 1021 2786 ueniet
1053 2721 1085 2774 et
1107 2713 1149 2774 ad
1172 2712 1258 2774 illum
1284 2713 1337 2774 diu
1365 2757 1367 2761 ι

141 2806 233 2879 felicem
262 2840 319 2881 sua
350 2820 463 2901 portio
517 2819 655 2899 quisquis
687 2819 810 2879 uidetur
841 2817 986 2880 dimissus
1017 2838 1102 2893 esse,
1135 2818 1249 2881 dilatus
1281 2829 1336 2881 est.

116 2928 213 2994 &quare
239 2928 316 2988 deus
340 2927 497 3007 optimum
520 2945 680 3006 quemque
710 2932 764 2986 aut
788 2923 870 2986 mala
893 2923 1071 2986 ualetudine
1098 2934 1153 2986 aut
1176 2925 1260 2987 luctu
1284 2934 1338 2988 aut

142 3021 190 3086 aliis
203 3031 404 3094 incommodis
421 3030 546 3093 adficit?
571 3031 643 3111 quia
659 3031 688 3091 in
705 3031 813 3093 castris
829 3051 956 3111 quoque
973 3029 1148 3111 periculosa
1163 3030 1337 3093 fortissimis
1351 3045 1376 3085 τι

141 3127 311 3213 imperantur,
337 3140 404 3199 dux
428 3137 613 3199 lectissimos
636 3137 729 3199 mittit
745 3139 796 3217 qui
813 3138 973 3198 nocturnis
989 3137 1098 3199 hostes
1114 3139 1338 3218 adgrediantur

142 3231 230 3305 irsidiis
264 3254 318 3307 aut
349 3225 518 3325 explorent
548 3244 607 3305 iter
637 3252 691 3306 aut
721 3244 912 3324 praesidium
944 3243 1016 3304 loco
1048 3244 1189 3305 deiciant.
1242 3265 1337 3307 nemo

143 3358 235 3410 eorum
245 3353 298 3433 qui
321 3359 441 3413 exeunt
466 3351 556 3425 dicit,
580 3349 662 3411 male
687 3351 728 3411 de
752 3370 804 3411 me
827 3351 998 3430 imperator
1023 3351 1149 3425 meruit,
1172 3352 1229 3412 sed
1257 3351 1339 3412 bene

111 3493 116 3498 -
143 3443 265 3521 iudicauit.
312 3458 397 3519 idem
423 3457 527 3518 dicant
550 3457 739 3537 quicumque
763 3456 909 3517 iubentur
932 3467 987 3537 pat

144 3550 245 3626 flebilia:
292 3565 378 3644 digni
409 3565 466 3624 uisi
496 3583 604 3624 sumus
635 3563 698 3624 deo
730 3563 761 3624 in
794 3561 907 3642 quibus
938 3562 1150 3643 experiretur,
1186 3571 1338 3642 quantum
1353 3579 1379 3615 30

121 3657 251 3732 flumana
280 3679 393 3733 natura
431 3678 540 3752 posset
575 3670 648 3751 pati.
710 3668 808 3749 fugite
844 3667 984 3743 delicias,
1021 3667 1117 3749 fugite
1157 3677 1338 3730 eneruatam

145 3763 302 3854 felicitatem,
324 3799 387 3858 qua
410 3777 503 3839 animi
526 3778 770 3858 permadescunt
794 3784 826 3836 et
849 3775 904 3837 nisi
929 3774 1044 3855 aliquid
1065 3776 1231 3837 interuenit
1251 3776 1339 3856 quod

146 3869 270 3946 humanae
299 3885 393 3958 sortis
422 3885 607 3958 admoneat,
640 3881 725 3945 uelut
755 3891 908 3963 perpetua
936 3881 1089 3945 ebrietate
1112 3882 1214 3944 iacent
1236 3883 1339 3963 sopiti.

148 3997 209 4011 *N

147 4069 170 4119 ll
189 4036 277 4127 isoldris
369 4078 401 4130 l3
421 4079 456 4126 dii
549 4065 580 4128 lif
605 4077 720 4141 quicquid
812 4076 843 4128 l?
869 4082 965 4126 tenerae
991 4077 1079 4126 ceruici
1100 4073 1236 4128 Muretus:
1251 4081 1339 4124 ‚terere

145 4164 235 4225 cenicib;
262 4169 339 4237 (post
359 4172 382 4216 te
400 4165 510 4220 uidetur
525 4172 539 4214 ‘r
559 4163 688 4228 deletum,
713 4165 741 4218 in
760 4164 883 4234 margine
901 4180 971 4217 mon.
992 4179 1046 4218 rec.
1066 4165 1138 4229 ferre)
1235 4164 1339 4213 uulneris

216 4255 241 4308 18
259 4263 311 4321 tyro
384 4256 418 4308 22
437 4257 517 4304 ueniet
534 4261 557 4304 et
572 4252 719 4307 Gruterus:
739 4255 820 4303 ueniet
891 4253 924 4306 ‘24'
938 4253 1072 4302 ualitudine
1086 4254 1188 4321 (poste
1202 4250 1339 4317 deletam)

212 4350 248 4394 aut
259 4346 323 4395 luctu
335 4343 406 4407 cod,
419 4343 508 4397 omisit
521 4341 632 4396 Fickert
704 4343 738 4394 ‘26
752 4344 926 4407 aggrediamur
999 4345 1032 4393 28
1046 4348 1055 4391 i
1058 4346 1158 4404 perator
1171 4340 1197 4392 in
1213 4355 1267 4394 ros.

141 4429 168 4484 33
182 4430 250 4484 iacent
268 4431 376 4488 addidit
394 4430 471 4487 Koch
