3046 5092
153 296 217 356 248
288 289 379 331 ·DlAL.
392 279 434 331 xl.
462 289 504 328 Ab
519 288 655 330 HELVIAM
670 288 800 328 MATREM
815 287 855 328 DE
870 281 1112 328 CONSOLATIONE.
1140 291 1161 330 2.
1175 288 1196 329 3.
1210 289 1231 328 4.

153 435 469 515 indulgentissimum,
494 436 648 514 optimum
674 454 711 495 ac
734 432 937 494 fortissimum
962 432 1075 516 uirum,
1106 452 1179 493 curn
1203 432 1380 494 aduentum

155 544 218 602 eius
241 549 445 621 expectareS,
476 541 613 602 amisisti.
660 548 691 601 et
714 560 754 600 ne
777 541 939 601 saeuitiam
963 559 1053 600 suam
1077 535 1202 600 fortuna
1225 537 1381 599 leuiorem

155 640 335 716 diducendo
358 647 490 723 faceret,
521 648 601 709 intra
617 647 835 720 ‚tricensimum
859 647 944 709 diem
969 646 1161 708 carissimum
1185 645 1304 719 uirum,
1338 665 1382 706 ex

132 774 218 838 ¹quo
258 761 358 814 mater
396 755 490 815 trium
521 753 691 815 liberorum
723 773 807 826 eraS,
840 751 987 814 extulisti
1040 751 1159 832 lugenti
1190 751 1247 813 tibi
1279 750 1416 818 luctus5

116 880 128 919 5
156 859 313 921 nuntiatus
337 869 385 922 est
409 860 555 921 omnibus
577 860 702 940 quidem
727 858 910 921 absentibus
933 857 1045 933 liberis,
1069 858 1156 939 quasi
1172 857 1214 919 de
1230 856 1384 919 industria

156 967 186 1026 in
209 967 241 1027 id
264 975 391 1046 tempus
415 967 561 1028 coniectis
585 966 674 1028 malis
697 968 764 1039 tuiS,
790 975 824 1026 ut
846 964 921 1027 nihil
943 975 1035 1040 esset,
1060 965 1113 1025 ubi
1135 984 1170 1026 se
1193 962 1287 1025 dolor
1310 971 1383 1025 tuus

100 1077 105 1082 “
155 1071 326 1135 reclinaret.
372 1080 500 1134 transeo
533 1082 580 1134 tot
613 1072 765 1153 pericula,
796 1081 846 1134 tot
869 1080 988 1146 metm,
1019 1091 1099 1151 quos
1122 1073 1189 1132 sine
1216 1067 1382 1131 interuallo

155 1180 186 1239 in
210 1188 241 1240 te
265 1179 448 1240 incursantis
471 1177 641 1258 pertulisti:
676 1177 774 1240 modo
799 1179 899 1240 modo
923 1178 952 1238 in
969 1179 1106 1239 eundem
1122 1178 1234 1251 sinum,
1257 1197 1302 1237 ex
1318 1196 1383 1256 quo

155 1293 220 1346 tres
243 1293 376 1365 nepotes
400 1287 558 1359 emiseras,
581 1306 654 1347 ossa
676 1286 770 1347 trium
794 1294 946 1365 nepotum
970 1283 1122 1366 recepisti.
1169 1283 1249 1344 intra
1272 1281 1380 1344 uicesi-

118 1415 141 1454 ιο
156 1412 242 1452 mum
268 1392 361 1466 diem,
385 1411 481 1473 quam
504 1390 601 1453 filiurn
626 1412 732 1454 meum
757 1392 787 1452 in
812 1391 955 1453 manibus
979 1399 1011 1452 et
1034 1391 1064 1451 in
1089 1387 1202 1451 osculis
1218 1388 1280 1451 tuis
1297 1409 1380 1451 mor-

156 1508 244 1561 tuum
276 1499 490 1572 suneraueraS,
521 1508 645 1579 raptum
677 1519 729 1560 me
760 1497 890 1559 audisti:
926 1496 987 1559 hoc
1018 1495 1122 1558 adhuc
1153 1493 1298 1557 defuerat
1327 1494 1382 1558 tibi

155 1604 262 1685 lugere
286 1605 382 1666 uiuos.
413 1583 416 1589 .

245 1711 296 1773 Ill.
328 1710 555 1774 Grauissimum
590 1722 637 1774 est
668 1734 709 1773 ex
740 1710 903 1784 omnibus,
935 1731 1016 1792 quae
1039 1729 1189 1790 umquam
1213 1712 1244 1771 in
1268 1726 1411 1792 corpust

141 1828 257 1880 tuum·
276 1819 523 1892 descenderunt,
554 1838 664 1880 recens
690 1817 818 1892 uolnus,
850 1816 960 1880 fateor.
1006 1837 1071 1879 non
1093 1836 1253 1878 summam
1278 1826 1383 1879 cutem

120 1945 141 1983 is
156 1925 253 2007 rupit,
284 1933 394 2006 pectus
426 1932 457 1985 et
489 1925 607 1986 uiscera
637 1925 704 2004 ipsa
727 1924 837 1986 diuisit.
883 1924 941 1985 sed
963 1923 1242 2004 quemadmodum
1265 1925 1383 1985 tirones

155 2030 265 2094 leuiter
287 2032 382 2092 saucii
405 2040 511 2093 tamen
535 2029 743 2092 uociferantur
766 2039 798 2091 et
822 2050 932 2092 manus
957 2031 1152 2092 medicorum
1169 2029 1271 2111 magis
1287 2051 1382 2111 quam

85 2163 86 2167 ¹
156 2136 271 2199 ferrum
303 2136 448 2212 horrent,
479 2147 512 2199 at
542 2139 696 2212 ueterani,
728 2138 870 2217 quamuis
895 2136 1046 2212 confossi,
1076 2139 1233 2218 patienter
1256 2157 1295 2198 ac
1318 2137 1383 2198 sine

156 2244 276 2322 gemitu
300 2242 384 2304 uelut
407 2243 663 2324 alienacorpora
686 2244 823 2306 exaniari
847 2245 1022 2326 patiunturz'
1053 2243 1097 2305 ita
1118 2253 1152 2306 tu
1175 2263 1258 2305 nunc
1283 2243 1383 2306 debes

157 2347 278 2409 fortiter
307 2347 460 2440 praebere
490 2359 522 2410 te
550 2351 709 2412 curationi.
755 2349 996 2412 lamentationes
1019 2351 1148 2430 quidem
1172 2359 1205 2412 et
1228 2348 1415 2430 heiulatu52

116 2475 142 2514 20
157 2464 189 2515 et
212 2453 286 2528 alia,
318 2474 374 2537 per
397 2476 478 2535 quae
501 2454 565 2517 lere
589 2454 747 2518 muliebris
771 2456 864 2518 dolor
886 2456 1109 2530 tumultuatur,
1140 2476 1264 2518 amoue.
1312 2477 1381 2536 per-

157 2559 260 2622 didisti
291 2562 373 2623 enim
405 2570 454 2623 tot
485 2561 583 2637 mala,
614 2564 640 2624 si
670 2564 812 2625 nondum
845 2563 957 2627 misera
988 2584 1057 2624 esse
1081 2562 1222 2626 didicisti.
1270 2564 1383 2643 ecquid

157 2668 268 2731 uideor
290 2690 354 2732 non
378 2669 487 2732 timide
510 2678 616 2732 tecum
641 2672 761 2750 egisse?
794 2669 868 2732 nibil
891 2669 948 2731 tibi
971 2670 1110 2731 subduxi
1134 2691 1176 2732 ex
1200 2669 1291 2733 malis
1314 2673 1383 2746 tuis,

157 2778 214 2838 sed
238 2778 345 2838 omnia
368 2786 554 2839 coaceruata
577 2785 651 2839 ante
674 2786 706 2838 te
730 2779 829 2858 posui.
877 2852 881 2863 „

245 2884 300 2945 IV.
333 2882 453 2965 Magno
484 2886 516 2946 id
547 2885 654 2947 animo
685 2884 750 2945 feci.
798 2883 943 2946 constitui
974 2884 1057 2946 enim
1089 2885 1213 2946 uincere
1237 2883 1414 2949 doloreml

117 3007 142 3047 rs
157 2999 253 3064 tuum,
278 3010 342 3052 non
366 2991 628 3080 circumscribere.
672 2992 794 3053 uincam
818 2999 935 3065 autern,
958 3000 1047 3072 pute,
1069 2991 1204 3073 primum
1228 2992 1255 3054 si
1278 3001 1382 3055 osten-

158 3098 235 3159 dero
258 3095 332 3158 nibil
356 3116 408 3157 me
431 3098 511 3176 pati,
542 3106 673 3178 propter
696 3097 784 3177 quod
807 3097 874 3177 ipse
898 3098 957 3158 dici
980 3097 1099 3179 possim
1124 3099 1233 3173 miser,
1264 3098 1383 3161 nedum

156 3211 287 3284 propter
317 3204 404 3284 quod
435 3204 565 3265 miseros
589 3204 684 3265 etiam
708 3224 789 3283 quos
812 3204 965 3284 contingo
990 3202 1119 3265 faciam:
1154 3204 1271 3266 deinde
1294 3205 1319 3267 si
1343 3205 1384 3267 ad

157 3319 189 3371 te
213 3311 364 3372 transiero
389 3293 429 3371 et*
443 3310 622 3398 probauero
646 3331 686 3371 ne
709 3319 797 3373 tuam
821 3311 949 3391 quidem
974 3330 1105 3391 grauem
1129 3331 1199 3373 esse
1215 3309 1383 3384 fortunam,

157 3435 237 3496 quae
261 3425 330 3477 tota
353 3436 395 3477 ex
419 3437 491 3477 mea
510 3419 637 3497 pendet.

117 3540 142 3580 :u
246 3521 319 3582 Hoc
342 3520 425 3602 prius
449 3523 623 3601 adgrediar,
647 3523 734 3603 quod
756 3523 857 3605 pietas
879 3531 934 3584 tua
956 3524 1063 3585 audire
1087 3523 1190 3603 gestit,
1214 3523 1289 3586 nihil
1309 3524 1416 3592 mihiu

143 3627 229 3689 mali
254 3648 341 3689 esse:
375 3630 400 3689 si
423 3637 567 3720 potuerp,
592 3629 675 3710 ipsas
699 3650 757 3704 res,
780 3629 893 3710 quibus
916 3649 969 3690 me
988 3639 1084 3711 ,putas
1100 3631 1210 3710 premi,
1233 3651 1299 3693 non
1314 3650 1383 3694 esse

156 3733 368 3796 intolerabiles
399 3732 510 3796 faciam
543 3735 750 3797 manifestum.
806 3737 852 3798 sin
882 3735 912 3796 id
944 3737 1029 3797 credi
1061 3756 1126 3797 non
1156 3737 1314 3818 potuerit:
1352 3746 1384 3800 at

158 3861 219 3921 ego
244 3839 319 3901 mihi
343 3843 409 3921 ipse
432 3841 533 3922 magis
556 3841 699 3923 placeb0,
723 3843 811 3922 quod
834 3843 914 3904 inter
938 3862 991 3923 eas
1014 3862 1064 3903 res
1087 3842 1199 3905 beatus
1215 3864 1280 3919 ero,
1303 3863 1383 3925 quae

157 4071 172 4123 3
192 4071 336 4130 tricensimt]
428 4070 443 4121 li
461 4075 523 4119 esset
535 4071 627 4120 habere
640 4072 681 4119 ubi
694 4088 720 4120 se
734 4073 800 4137 (rus.
814 4070 876 4131 aule
889 4071 957 4134 ubi):
980 4074 1097 4140 apparel
1110 4068 1215 4140 dupleae
1234 4070 1381 4142 scriptura,
1432 4143 1435 4149 Ι

157 4166 218 4211 esset
231 4160 410 4216 authaberes;
432 4173 547 4228 quorum
567 4168 628 4208 esset
648 4165 676 4211 ut
695 4159 777 4229 rrulq0
791 4159 942 4230 praeferre
960 4174 1014 4213 uon
1033 4157 1157 4212 dubitaui
1248 4160 1280 4213 14
1299 4161 1382 4211 uulnus

246 4248 279 4301 18
299 4251 418 4300 exsaniari
521 4249 555 4302 20
569 4249 693 4299 muliebris
707 4246 871 4301 Piitcr'mnu:
892 4248 998 4298 mulieris
1089 4248 1123 4302 27
1136 4250 1169 4299 ad
1183 4249 1210 4316 (d
1224 4263 1262 4303 ex
1275 4256 1284 4300 t
1298 4249 1380 4316 corr.)

246 4390 280 4443 32
300 4355 451 4443 ¹tolerabiles
540 4398 566 4441 at
584 4394 602 4455 (t
621 4392 648 4444 in
668 4394 737 4454 rar.)
