3046 5092
168 309 209 368 90
455 285 461 292 “
548 306 668 349 urnuv.
699 307 738 346 us
754 307 804 347 nen
819 304 874 346 urs.
892 304 930 344 111.
960 307 1015 345 su.

165 457 273 529 potest
304 460 474 531 expectare
505 450 673 513 fortunam.
719 471 834 514 nocere
865 451 893 512 ei
930 467 1026 531 quem
1062 449 1147 521 odit,
1185 468 1249 508 non
1289 449 1393 509 noceri

165 553 239 616 uult.
284 555 358 616 nihil
389 566 437 618 est
467 556 674 618 simultatibus
698 558 841 638 grauius:
877 556 936 618 has
966 557 1011 616 ira
1041 554 1195 617 conciliat.
1241 553 1316 615 nihil
1346 563 1426 634 estu

164 661 249 722 bello
272 661 440 724 funestius:
476 664 506 724 in
538 662 600 724 hoc
631 664 821 744 potentium.
835 665 879 724 ira
901 663 1086 744 prorumpit.
1132 671 1273 723 ceterum
1298 661 1393 722 etiam

163 767 215 828 illa
229 767 355 848 plebeia
377 769 422 830 ira
444 778 478 830 et
494 771 614 850 priuata
638 772 757 832 inerme
780 779 812 832 et
835 772 900 831 sine
924 769 1040 831 uiribus
1063 767 1180 830 bellum
1205 777 1262 829 est.
1302 787 1392 848 prae-

136 883 251 937 sterea
273 875 326 950 ira,
349 884 384 936 ut
403 896 604 956 seponamus,
628 897 709 959 quae
733 897 812 938 mox
836 887 980 939 secutura
1003 885 1083 950 sunt,
1108 876 1233 949 damna,
1257 874 1392 947 insidias,

163 990 349 1061 perpetuam
373 1001 415 1042 ex
439 982 660 1044 certaminibus
685 984 800 1045 mutuis
816 983 1065 1056 sollicitudinem,
1090 982 1146 1042 dat
1169 1000 1291 1062 poenas
1315 983 1392 1042 dum

163 1087 281 1166 exigit:
315 1096 460 1149 naturam
492 1088 627 1150 hominis
659 1091 765 1152 eiurat.
810 1088 862 1151 illa
889 1090 919 1150 in
950 1108 1093 1150 amorem
1121 1086 1282 1161 hortatur,
1314 1086 1393 1149 haec

162 1194 192 1253 in
216 1194 333 1255 odium.
376 1192 428 1255 illa
450 1196 603 1275 prodesse
626 1197 720 1270 iubet,
745 1195 824 1257 haec
846 1216 970 1257 nocere.
1016 1196 1106 1256 adice
1128 1195 1225 1275 quod,
1249 1214 1323 1256 cum
1346 1195 1424 1261 iri-7

163 1300 304 1380 dignatio
335 1302 400 1362 eius
431 1321 450 1362 a
480 1302 576 1363 nimio
609 1303 655 1364 sui
686 1313 834 1384 suspectu
865 1311 969 1364 ueniat
1002 1312 1033 1363 et
1065 1303 1208 1362 animosa
1237 1301 1390 1371 uideatur,

125 1427 147 1465 n
163 1405 272 1485 pusilla
294 1416 342 1468 est
365 1417 398 1469 et
421 1418 562 1487 angusta.
594 1428 690 1470 nemo
713 1410 796 1470 enim
821 1430 885 1470 non
909 1429 957 1482 e0,
981 1430 1000 1469 a
1022 1429 1086 1488 quo
1110 1428 1144 1469 se
1168 1416 1389 1487 contemptum

162 1513 287 1588 iudicat,
311 1514 413 1575 minor
426 1523 504 1576 ‘estz
537 1525 571 1576 at
600 1514 650 1576 ille
681 1516 792 1595 ingens
815 1516 936 1576 animus
966 1524 999 1576 et
1022 1534 1112 1576 uerus
1136 1515 1322 1588 aestimator
1345 1515 1391 1574 sui

162 1639 227 1680 non
257 1620 394 1682 uindicat
423 1621 578 1696 iniuriam,
611 1622 684 1702 quia
713 1635 778 1683 n'on
801 1623 904 1684 sentit.
957 1631 991 1682 ut
1015 1621 1078 1682 tela
1105 1642 1124 1682 a
1148 1622 1229 1682 duro
1252 1620 1424 1685 resiliunt8

162 1734 289 1786 etcum
314 1725 426 1789 dolore
449 1728 608 1789 caedentis
632 1727 734 1790 solida
753 1726 922 1802 feriuntur,
953 1729 997 1789 ita
1027 1727 1110 1788 nulla
1140 1747 1294 1807 magnum
1325 1728 1387 1788 ani-

162 1852 250 1892 mum
272 1833 380 1895 iniuria
397 1834 444 1893 ’ad
459 1854 586 1896 sensum
610 1835 657 1896 sui
672 1835 808 1908 adducit,
833 1833 969 1914 fragilior
993 1855 1031 1895 eo
1048 1835 1135 1914 quod
1151 1835 1239 1913 petit.
1269 1842 1388 1915 quanto

123 1958 145 1996 rs
160 1937 317 2016 pulchrius
340 1938 427 2001 uelut
448 1938 774 2023 nullinpenetrabilem
798 1940 862 2001 telo
888 1942 990 2002 omnis
1021 1941 1142 2002 iniurias
1166 1940 1387 2002 contumelias·

66 2065 68 2074 ·
160 2064 221 2123 que
245 2050 409 2125 respuere!
437 2045 513 2108 ultio
539 2046 656 2108 doloris
672 2046 827 2108 consessio
852 2056 918 2108 est:
945 2067 1009 2108 non
1034 2056 1081 2108 est
1099 2066 1233 2126 magnus
1256 2048 1386 2121 animus,

160 2170 254 2230 quem
277 2152 418 2213 incuruat
441 2154 555 2215 iniuria.
601 2166 655 2215 aut
686 2155 846 2234 potentior
877 2163 909 2215 te
940 2162 993 2214 aut
1025 2153 1196 2214 inbecillior
1219 2152 1330 2216 laesit:
1362 2155 1387 2216 si

159 2255 338 2332 inbecillior,
362 2279 456 2338 parce
480 2258 528 2333 illi,
552 2261 578 2320 si
601 2261 771 2339 potentior,
796 2260 860 2321 tibi.

247 2362 302 2424 Vl.
338 2363 467 2454 Nullum
491 2374 539 2426 est
562 2375 785 2446 argumentum
809 2367 1033 2447 magnitudinis
1057 2367 1169 2427 certius
1192 2386 1289 2448 quam
1313 2365 1387 2428 nihil
1413 2375 1426 2425 t

118 2496 144 2534 ‘20
158 2488 254 2548 posse
284 2492 349 2552 quo
366 2474 532 2553 instigeris
563 2475 713 2535 accidere.
759 2495 832 2555 pars
862 2475 1003 2554 superior
1027 2474 1135 2535 mundi
1158 2481 1190 2535 et
1213 2474 1386 2535 ordinatior

159 2595 196 2636 ac
218 2580 394 2660 propinqua
416 2579 569 2641 sideribus
592 2601 651 2641 nec
674 2582 704 2641 in
728 2581 845 2642 nubem
877 2583 1081 2660 cogiturnec
1104 2581 1135 2640 in
1158 2588 1384 2660 tempestatem

158 2682 312 2761 inpellitur
335 2706 393 2746 nec
417 2697 558 2748 uersatur
581 2690 611 2748 in
635 2688 800 2749 turbinem.
836 2687 922 2748 omni
946 2685 1081 2747 tumultu
1104 2695 1198 2747 caret.
1241 2685 1385 2749 inferiora

157 2788 364 2852 fulminantur.
408 2795 525 2854 eodem
549 2795 649 2855 modo
672 2793 812 2855 sublimis
835 2795 972 2866 animus,
1003 2795 1126 2874 quietus
1149 2812 1277 2873 semper
1300 2801 1334 2854 et
1355 2795 1385 2854 in

157 2900 292 2959 statione
315 2899 480 2980 tranquilla
504 2900 699 2974 conlocatus,
732 2903 837 2961 omnia
861 2902 941 2960 intra
963 2920 997 2960 se
1020 2883 1319 2981 premens,-quibus
1341 2902 1384 2961 ira

117 3015 143 3055 2⁵
158 3004 365 3080 contrahitur,
397 3009 562 3068 modestus
593 3017 625 3068 et
655 3004 839 3068 uenerabilis
876 3015 924 3067 est
954 3015 986 3067 et
1018 3006 1186 3086 dispositus
1198 3033 1205 3079 ;
1247 3025 1382 3086 quorum

156 3109 229 3172 nihil
259 3113 396 3174 inuenies
428 3116 457 3174 in
488 3116 576 3175 irato
622 3115 690 3193 quis
721 3115 803 3173 enim
835 3112 967 3173 traditus
1000 3111 1101 3173 dolori
1119 3101 1163 3173 'et
1190 3110 1296 3174 furens
1319 3115 1422 3173 non?

155 3220 288 3297 primam
313 3221 419 3280 reiecit
442 3221 684 3304 uerecundiam?
724 3220 791 3300 quis
823 3220 930 3299 inpetu
961 3219 1105 3279 turbidus
1132 3227 1165 3279 et
1192 3219 1223 3278 in
1246 3217 1381 3300 aliquem

156 3343 248 3383 ruens
272 3345 336 3385 non
359 3326 511 3406 quidquid
534 3329 564 3386 in
587 3346 621 3386 se
647 3327 815 3387 uerecundi
838 3324 948 3386 habuit
978 3325 1110 3386 abiecit?
1135 3327 1183 3385 cui
1206 3323 1381 3402 officiorum

156 3449 303 3490 numerus
327 3440 380 3491 aut
405 3433 485 3493 ordo
510 3433 648 3493 constitit
671 3434 816 3493 incitato?
844 3434 911 3512 quis
935 3412 1058 3511 linguae
1082 3433 1291 3511 temperauit?
1315 3434 1381 3513 quis

115 3546 141 3586 ³0
156 3534 250 3596 ullam
281 3546 403 3616 partem
436 3541 576 3617 corporis
606 3541 724 3599 tenuit?
764 3540 831 3619 quis
862 3558 896 3598 se
928 3557 1037 3617 regere
1068 3539 1170 3617 potuit
1184 3540 1378 3600 inmissum?

154 3643 295 3722 proderit
319 3643 410 3705 nobis
434 3644 508 3705 illud
524 3645 700 3707 Democriti
715 3644 849 3722 salutare
870 3636 1083 3724 praeceptum,
1107 3663 1171 3724 quo
1187 3648 1406 3706 monstratus

157 3945 297 3995 lnoceris
322 3945 371 4008 uult
461 3944 594 4009 lplebeia
614 3944 649 4010 (ia
670 3943 753 4009 corr.)
845 3942 957 4007 bpenas
1048 3944 1194 3994 banimio
1213 3946 1250 3992 sui
1269 3955 1376 4010 suspectu

153 4035 234 4082 ueniat
255 4031 308 4084 Ei:
330 4036 371 4082 ani
390 4035 537 4096 misuspectu
563 4034 658 4082 eueniat
682 4030 741 4084 eod.
761 4029 812 4083 sed
829 4034 910 4080 ueniat
930 4029 1096 4084 consuetudo
1121 4029 1244 4084 Senecae
1261 4032 1378 4100 postulat

260 4121 294 4173 20
313 4138 425 4185 possess-
446 4121 512 4186 (ras.
534 4121 642 4174 circiter
661 4121 742 4172 trium
762 4119 922 4180 litterarum,
947 4135 985 4173 ex
1004 4119 1101 4188 quibus
1120 4137 1134 4168 a
1153 4120 1180 4171 in
1199 4121 1253 4177 line
1272 4121 1376 4175 uidetur

152 4209 305 4278 superesse)
325 4228 374 4274 quo
454 4212 566 4274 accipere
586 4210 613 4275 (p
632 4209 658 4261 in
679 4212 695 4258 d
714 4209 797 4274 eurr.)
878 4210 910 4261 23
930 4211 1071 4259 fulminr'uur
1090 4209 1173 4274 (netur
1192 4210 1219 4261 in
1238 4212 1308 4277 ras.)

154 4297 187 4349 24
207 4300 340 4348 collocatus
361 4300 411 4364 (col
431 4299 457 4350 iu
478 4299 545 4364 rus.)
638 4300 700 4347 infra
722 4296 868 4359 Gruterus,
893 4297 968 4365 quod
986 4296 1024 4349 nd
1042 4315 1154 4362 premens
1174 4299 1376 4352 accommodare

154 4386 205 4437 uix
225 4385 293 4453 ticet,
315 4385 423 4440 deberet
442 4403 500 4439 esse
520 4388 582 4436 inira
601 4404 626 4436 se
645 4389 730 4435 uidens
803 4387 832 4437 31
858 4388 907 4435 illut
927 4387 947 4451 (t
966 4386 992 4437 in
1014 4388 1030 4434 d
1050 4385 1133 4451 corr.)
