3046 5092
355 346 435 389 DIAL.
445 347 474 386 X.
502 346 544 386 AD
559 346 712 387 PAVLINVM
728 348 768 387 DE
783 347 952 388 BREVI'I'ATE
968 348 1065 388 VITAE.
1095 349 1115 390 7.
1131 351 1151 392 8.
1301 352 1364 413 229

143 493 216 555 istos
249 491 418 571 effugiam?
457 492 599 571 diripitur
628 492 677 554 ille
707 501 781 556 toto
812 491 883 554 soro
912 501 1064 574 patronus
1091 504 1124 554 et
1147 513 1266 574 magno
1290 514 1364 555 con-

142 619 233 660 cursu
256 599 364 659 omnia
387 596 484 673 ultra,
512 619 609 678 quam
632 599 730 660 audiri
755 608 878 678 potest,
901 599 1049 680 conplet:
1083 601 1229 680 quando,
1259 600 1366 680 inquit,

141 725 190 766 res
221 703 440 785 proferentur?
494 705 680 786 praecipitat
710 710 842 786 quisque
874 706 971 767 uitam
1002 727 1091 767 suam
1123 714 1155 767 et
1186 704 1277 767 futuri
1309 706 1364 767 de-

108 811 257 878 usiderio
280 810 414 884 laborat,
437 813 648 892 praesentium
672 812 787 873 taedio.
833 820 867 873 at
889 811 939 872 ille
958 814 1010 892 qui
1026 811 1144 873 nullum
1160 831 1224 872 non
1239 819 1366 893 tempus

140 920 170 980 in
193 938 269 979 usus
292 937 367 978 suos
390 916 522 991 confert,
544 920 598 997 qui
621 938 733 979 omnes
757 920 825 979 dies
848 927 1011 999 tamquam
1036 919 1133 980 uitam
1153 918 1288 992 ordinat,
1308 937 1392 980 neca

141 1034 233 1106 optat
263 1025 434 1085 crastinum
465 1044 525 1085 nec
554 1024 654 1088 timet.
698 1026 774 1105 quid
801 1027 886 1087 enim
910 1036 976 1100 est,
1006 1027 1180 1106 quodiam
1204 1024 1266 1087 ulla
1288 1025 1368 1086 hora

140 1152 244 1194 nouae
266 1130 438 1212 uoluptatis
461 1131 562 1211 possit
583 1127 726 1192 adferre?
756 1132 862 1193 omnia
884 1142 970 1205 nota,
993 1135 1101 1194 omnia
1123 1134 1165 1194 ad
1188 1135 1366 1194 satietatem

140 1245 293 1319 percepta
315 1246 395 1297 sunt
432 1236 474 1297 de
497 1246 604 1297 cetero
629 1236 693 1298 sors
717 1236 851 1311 fortuna,
875 1249 909 1299 ut
932 1237 1029 1312 uolet,
1052 1239 1190 1300 ordinet:
1218 1241 1282 1300 uita
1305 1239 1367 1298 iam

141 1347 266 1405 intuto
290 1353 346 1404 est.
394 1343 466 1404 huic
488 1344 569 1404 adici
593 1351 710 1422 potest,
734 1345 856 1406 detrahi
879 1343 970 1420 nihil,
1001 1355 1034 1407 et
1056 1346 1137 1407 adici
1166 1347 1225 1419 sic,
1255 1366 1365 1426 quem-

141 1452 318 1513 admodum
340 1459 449 1511 saturo
471 1433 533 1510 iam
558 1469 595 1510 ac
616 1448 713 1530 pleno
736 1450 852 1532 aliquid
875 1453 954 1513 cibi:
980 1452 1067 1532 quod
1084 1472 1143 1514 nec
1158 1454 1317 1513 desiderat
1333 1461 1366 1512 et
1382 1469 1406 1508 ru
1493 1440 1502 1456 '

105 1570 128 1622 10
142 1558 232 1638 capit.
279 1576 344 1616 non
376 1565 425 1617 est
455 1556 561 1636 itaque
591 1556 678 1636 quod
706 1578 900 1639 quemquam
924 1567 1055 1640 propter
1078 1580 1175 1620 canos
1197 1570 1250 1620 aut
1272 1578 1367 1637 rugas

141 1673 233 1745 putes
264 1664 318 1723 diu
348 1664 484 1723 uixisse:
516 1663 598 1742 ‘non
621 1662 673 1724 ille
696 1665 750 1724 diu
773 1665 867 1738 uiuit,
897 1666 964 1745 sedf
989 1664 1042 1726 diu
1064 1664 1129 1727 suit
1174 1666 1249 1746 quid
1273 1642 1367 1737 enim:

141 1771 164 1831 si
194 1769 283 1831 ilium
311 1769 445 1830 multum
469 1777 561 1849 putes
584 1771 767 1849 nauigasse,
797 1791 892 1851 quem
916 1792 1011 1832 saeua
1034 1781 1208 1852 tempestas
1230 1793 1250 1832 a
1272 1780 1367 1851 portu

141 1886 313 1958 exceptum
338 1875 400 1937 huc
422 1886 455 1936 et
477 1874 548 1936 illuc
570 1875 640 1936 tulit
662 1896 700 1937 ac
723 1876 842 1937 uicibus
865 1887 1030 1938 uentomm
1055 1899 1097 1938 ex
1121 1879 1247 1939 diuerso
1264 1877 1365 1938 suren-

141 1985 217 2045 tium
242 2002 300 2063 per
323 1984 437 2043 eadem
461 1982 564 2062 spatia
586 1983 617 2042 in
641 1982 753 2043 orbem
778 1984 863 2062 egit?
887 2003 952 2044 non
975 1984 1025 2045 ilie
1048 1983 1181 2045 multum
1198 1985 1366 2064 nauigauit,
1383 2003 1407 2041 rs

140 2091 196 2151 sed
220 2088 356 2150 multum
379 2089 512 2149 iactatus
535 2098 594 2150 est

116 2208 125 2259 1
230 2195 307 2256 VIII
362 2194 468 2255 Mirari
499 2194 605 2267 soleo,
637 2215 710 2256 cum
741 2197 836 2258 uideo
866 2197 988 2278 aliquos
1017 2207 1145 2278 tempus
1157 2208 1314 2280 ‘petentes
1335 2207 1368 2258 et

95 2301 99 2326 ¹
142 2324 205 2376 eoS,
230 2303 284 2382 qui
307 2312 468 2380 rogantur,
492 2299 673 2362 facillimos:
700 2300 775 2363 illud
799 2314 931 2384 uterque
954 2315 1094 2385 spectat,
1124 2306 1368 2386 propterquod

142 2418 270 2491 tempus
301 2408 437 2488 petitum
467 2416 531 2480 est,
562 2411 665 2488 Ipsum
695 2409 825 2489 quidem
856 2422 975 2472 neuter.
1020 2413 1110 2492 quasi
1139 2411 1215 2473 nihil
1244 2414 1369 2492 peritur,

142 2518 231 2598 quasi
261 2513 337 2576 nihil
369 2515 470 2574 datin.
516 2535 550 2575 re
579 2516 721 2576 omnium
744 2518 971 2597 pretiosissima
993 2518 1117 2579 luditur.
1161 2517 1238 2578 fauit
1260 2532 1369 2578 autem
1383 2538 1407 2576 si

142 2623 220 2697 illos,
243 2622 318 2701 quia
340 2641 390 2681 res
413 2621 616 2701 incorporalis
638 2632 696 2695 est,
718 2624 793 2702 quia
813 2624 874 2683 sub
897 2624 1007 2684 oculos
1030 2643 1095 2684 non
1114 2625 1209 2685 uenit.
1231 2625 1370 2704 ideoque

114 2730 292 2791 unitissima
315 2728 507 2801 aestimatur,
530 2728 629 2788 immo
651 2749 753 2809 paene
777 2729 896 2791 nullum
919 2732 984 2790 eius
1007 2732 1144 2811 pretium
1166 2742 1223 2791 est
1264 2751 1371 2792 annm

142 2856 179 2898 ac
209 2835 371 2915 congiaria
400 2833 546 2894 homines
578 2835 735 2896 carissime
757 2837 914 2916 accipiunt
936 2848 970 2896 et
992 2836 1050 2896 iliis
1071 2848 1127 2896 aut
1148 2837 1293 2898 laborem
1315 2852 1371 2898 aut

142 2962 276 3025 operam
314 2952 368 3002 aut
405 2941 600 3020 dIIIgentiam
637 2961 727 3002 suam
764 2942 889 3003 locant:
930 2963 1025 3004 uerno
1056 2945 1204 3004 aestimat
1232 2958 1371 3024 tempus.

143 3060 275 3111 utuntur
305 3047 359 3108 Illo
388 3047 490 3108 laxius
520 3051 609 3128 quasi
640 3049 786 3127 gratuito.
832 3060 866 3109 at
895 3050 1028 3111 eosdem
1058 3070 1172 3130 aegros
1195 3053 1321 3115 uideas.
1343 3053 1409 3112 sits

144 3158 255 3218 mort'ss
286 3154 458 3237 periurium
489 3155 619 3235 propius
649 3166 698 3215 est
726 3157 911 3229 admotum,
941 3156 1137 3216 medicomm
1166 3178 1273 3237 genua
1300 3174 1371 3218 tan,-

144 3274 273 3343 gentes,
311 3264 337 3322 si
367 3271 512 3322 metuunt
543 3261 676 3341 capitale
706 3262 911 3343 supplicium.
948 3266 1056 3324 omnia
1084 3285 1159 3327 sua.
1189 3280 1224 3326 ut
1254 3268 1370 3327 munuc

116 3377 275 3450 tparatos
305 3370 495 3449 inpendere:
520 3377 611 3429 tanta
633 3369 664 3428 in
687 3368 745 3429 illis
768 3370 928 3432 discord'n
948 3370 1132 3432 adfectuum
1153 3388 1210 3431 ese
1255 3374 1372 3452 quodsi

150 3651 306 3716 ldiripitur]
324 3648 363 3716 cs.
382 3648 512 3705 detra&
526 3654 599 3709 23,5
672 3653 816 3716 ἳωωρίεῑ
905 3610 990 3719 inquii}
1017 3670 1023 3676 ·
1079 3657 1242 3717 impium
1259 3654 1370 3701 uinum

148 3742 244 3790 ordinat
268 3737 407 3792 Bentleiu
432 3736 509 3807 opud
533 3737 681 3807 Hmeptin
708 3737 778 3809 [ηιμ.
797 3738 838 3793 IL
861 3757 889 3809 p.
909 3744 978 3797 258.
1000 3739 1052 3793 sud
1075 3739 1138 3793 uim
1161 3756 1224 3810 epp.
1243 3744 1292 3791 dt.
1313 3748 1323 3790 t
1344 3743 1371 3787 ici

149 3829 752 3894 agoutmi'niinstartotiusuitudiessit
866 3832 1089 3882 nequam)
1200 3831 1371 3878 dnssn'nen

150 3915 226 3970 dett:
252 3918 321 3967 mni
339 3918 404 3966 hori
514 3916 547 3967 1⁴¹»
571 3930 596 3966 ot
613 3921 680 3982 capit
699 3915 830 3986 ldnj:
851 3922 919 3983 capit
1031 3921 1061 3971 [2
1084 3922 1174 3968 unisse
1192 3919 1231 3971 ,ἡ
1248 3933 1371 3984 πηνα

151 4021 293 4058 marce.
317 4022 369 4053 nou
393 4006 659 4061 dlediuuixinsed
682 4005 1364 4074 qnoemsukertuusffiniimhubu‘

234 4096 379 4159 quidmim
399 4092 565 4146 Menates:
586 4096 655 4158 quod
672 4103 715 4146 eni
810 4100 838 4146 tri
863 4098 1023 4145 setmultum
1117 4096 1146 4147 ts
1165 4096 1226 4144 illuri
1255 4097 1358 4145 dcun.
1462 4127 1465 4132 ,

234 4183 271 4234 ⁸2¹}
289 4200 317 4232 re
334 4180 475 4235 Muretus:
495 4199 533 4231 res
640 4190 675 4235 'L’
700 4187 826 4232 estimat
932 4185 968 4237 '22
989 4202 1072 4233 mmm
1089 4202 1121 4233 au
1138 4180 1268 4251 Q:
1291 4198 1371 4230 annua

236 4273 269 4323 '23
289 4274 416 4320 car'ffisime
435 4270 560 4339 lipsius:
582 4275 703 4321 car'tssiffli
812 4277 815 4282 ’
837 4276 859 4321 's
891 4272 902 4285 '
970 4295 976 4322 :
1055 4292 1084 4319 '.
1153 4273 1159 4281 “

154 4360 183 4412 ‘24
207 4364 302 4410 estimat
411 4361 444 4412 ’.ὦ
471 4362 554 4408 uida<
576 4358 705 4429 Jiadniq:
726 4365 784 4410 uide
891 4363 924 4413 'Iti
953 4366 1054 4427 propiis
1072 4361 1236 4413 damnus:
1260 4362 1371 4424 putri-lus

237 4449 270 4502 'th
290 4451 432 4514 Impendere
