3046 5092
32 349 40 365 ι
119 333 141 372 Χ
153 334 164 355 ’
492 333 661 375 PRAEFATIO
677 332 825 375 IOHANNIS
842 335 982 377 VAHLENI.

120 484 236 560 effectu,
260 477 364 541 multis
388 478 560 540 multorum
584 483 772 559 scriptorum
797 480 952 561 exemplis
968 482 1147 543 certissimis
1163 484 1349 548 vindicatur.

120 595 173 658 Sic
197 595 324 657 Plautus
347 594 470 657 locutus
495 605 543 657 est

421 715 639 788 Quadripenros
659 715 740 785 filios
762 714 857 786 hebet,

422 830 517 902 Atque
540 830 630 886 omnis
653 831 778 886 lectos
799 831 883 888 sine
902 829 1052 903 probro

119 944 149 1003 in
173 938 335 1002 Bacchisin
360 943 444 1021 9743
471 941 514 1001 sic
537 939 656 1001 Ennius
679 941 709 1001 in
733 948 909 1001 saturarum
933 950 1028 1002 sexto

325 1060 436 1133 Θανρρα
458 1060 542 1116 sine
565 1074 662 1117 euro
685 1062 831 1137 laetus,
855 1061 953 1117 laotos
976 1076 1040 1117 euro
1064 1061 1186 1118 advenis

323 1173 446 1232 Insertr's
468 1175 561 1250 molis,
586 1175 722 1247 expedito
747 1172 877 1244 brachio,

324 1291 434 1348 Aloeer
457 1290 559 1359 celsus,
584 1291 682 1363 lupino
706 1293 867 1363 expectans
890 1291 1004 1363 impetu.

118 1402 162 1462 ita
185 1401 269 1461 enim
292 1400 372 1461 haec
394 1400 456 1460 iam
480 1400 555 1461 mihi
578 1401 755 1479 persuadeo
771 1409 857 1461 recte
881 1401 962 1461 tradi
978 1420 1037 1461 nec
1052 1421 1122 1462 esse
1137 1403 1225 1483 quod
1242 1414 1347 1466 metro

118 1535 353 1598 succurramus3
379 1516 423 1576 sic
446 1514 581 1576 Lucilius
606 1517 694 1590 (647)
1146 1502 1150 1509 ’

188 1636 303 1695 Certa
326 1641 415 1695 sont
436 1638 520 1695 sioe
544 1637 778 1695 detrimento
803 1653 881 1710 quoe
904 1638 979 1695 inter
1000 1653 1063 1694 sese
1086 1601 1281 1708 commodem

119 1750 163 1810 sic
185 1734 354 1810 Lucretius
373 1745 416 1832 (5,
442 1746 520 1831 841)

268 1869 483 1926 Melosioe
506 1884 573 1927 ore
597 1869 691 1937 etiam,
714 1869 799 1925 sioe
822 1869 927 1925 oolro
950 1856 1225 1944 oneraremus,

119 1993 150 2042 et
174 1980 311 2042 Lucretii
334 1981 473 2041 imitator
496 1979 641 2041 Manilius
665 1981 707 2061 (5,
731 1980 807 2056 464)

768 2100 915 2171 solemque
937 2113 1087 2156 reversum

375 2215 414 2271 Er
437 2228 593 2271 saecum
616 2214 701 2271 sine
722 2216 806 2271 sole
827 2214 922 2281 diem;

118 2329 163 2387 sic
186 2325 337 2386 Horatius
361 2345 489 2406 quoque
511 2325 541 2384 in
565 2334 632 2386 arte
658 2327 719 2385 444

279 2443 398 2500 Nullum
421 2446 501 2501 ultro
524 2442 641 2501 uerbum
665 2449 716 2502 our
740 2459 860 2517 operam
883 2444 1045 2502 insumebat
1062 2445 1192 2520 νάαααα,

279 2558 354 2629 Ouio
376 2559 462 2616 sine
483 2560 609 2617 rivoli
631 2565 716 2633 teque
740 2565 767 2618 et
789 2563 841 2617 roo
864 2561 974 2616 solus
997 2575 1131 2638 omures3

117 2689 220 2751 neque
243 2668 345 2731 solum
369 2677 494 2751 poetae,
517 2671 576 2730 sed
599 2670 694 2730 etiam
718 2671 896 2750 scriptores,
922 2670 1086 2759 Petronius
1109 2690 1135 2732 c.
1164 2673 1223 2731 137

161 2804 215 2846 oee
237 2805 282 2846 ore
301 2787 429 2861 fallebat
450 2789 554 2846 inanes
575 2790 684 2846 scilieet
701 2804 738 2846 oe
752 2790 836 2847 sr'oe
858 2789 1030 2847 medulla
1054 2795 1243 2848 ventosas
1258 2807 1350 2852 nuces

161 2905 191 2961 νά
214 2921 323 2963 sommo
346 2905 469 2962 humore
492 2905 657 2976 consistere,
681 2921 789 2979 proves
813 2911 908 2963 orarem
933 2910 960 2963 et
976 2907 1087 2979 plenas
1108 2907 1222 2980 νἀτεανα
1244 2909 1351 2980 fructu

163 3018 206 3076 od
225 3019 285 3076 ν’ναα
304 3021 386 3092 ferri
398 3037 405 3096 3

118 3131 160 3199 ad
182 3151 263 3211 quae
286 3132 392 3213 nescio
417 3151 513 3211 quarn
529 3138 614 3192 recte
630 3117 1022 3213 Buechelerusffripertito
1039 3133 1188 3194 dividitur
1202 3130 1346 3197 inanitas'

118 3248 260 3319 adnotet,
283 3247 340 3308 sed
363 3247 388 3307 is
412 3256 497 3307 certe
520 3247 562 3308 de
584 3247 717 3309 veritate
737 3247 910 3326 scripturae
925 3247 1000 3309 nihil
1016 3248 1185 3330 dubitavit3
1212 3249 1350 3332 denique

118 3359 240 3423 Seneca
262 3363 337 3441 ipse,
362 3361 470 3422 Natur.
495 3370 616 3441 quaest.
639 3363 668 3437 6,
696 3364 722 3436 7,
748 3367 766 3424 5

163 3478 299 3538 obstrusa
322 3480 396 3539 eorm
420 3486 447 3538 ee
468 3482 548 3540 sine
570 3496 787 3554 possessore
810 3482 955 3540 deserto
979 3482 1097 3541 liberius
1119 3485 1206 3542 undis
1229 3492 1352 3557 rocem„

118 3591 159 3652 de
174 3592 249 3654 'otio
274 3611 299 3652 c.
324 3594 352 3665 6,
376 3611 405 3672 p.
434 3594 546 3667 189,9

161 3711 217 3768 sed
238 3712 333 3783 refert
356 3727 397 3769 αα
420 3713 463 3769 od
483 3714 562 3770 illam
587 3715 744 3785 voluptaris
767 3728 860 3769 sousa
881 3715 1038 3771 occesserit
1052 3715 1127 3771 nihil
1141 3715 1226 3772 eliud
1242 3715 1282 3772 ese
1296 3717 1351 3775 illo

157 3832 262 3899 peteres
285 3841 373 3900 quom
398 3810 600 3886 assiduam
624 3829 996 3900 contemplationem
1018 3829 1102 3887 sine
1125 3830 1253 3908 exiro3

118 3939 160 3998 ad
183 3939 382 4018 eandemque
404 3936 540 4000 formam
564 3941 720 4001 accedunt
744 3940 838 4000 etiam
863 3939 952 4014 talia,
976 3939 1069 4020 quale
1092 3942 1205 4002 eadem
1229 3943 1350 4023 pagina

117 4073 146 4112 v.
174 4055 212 4114 16
238 4053 350 4133 legitur

162 4173 205 4229 sie
217 4173 416 4246 imperfect-orn
431 4188 468 4230 oe
480 4174 652 4246 leopardum
662 4171 765 4231 honoro
780 4181 821 4230 est
833 4175 863 4232 io
872 4177 958 4233 otium
966 4164 1030 4232 sine
1039 4177 1247 4249 oeeupror'eeto
1255 4179 1349 4236 virtus

118 4291 172 4344 aut
195 4285 226 4344 in
249 4284 389 4365 epistolis
414 4285 442 4358 2,
468 4286 496 4359 6,
520 4290 537 4344 4

157 4405 242 4468 ,αἰῐαα
266 4405 294 4460 io
319 4404 416 4461 medio
435 4419 514 4477 poce
538 4404 669 4462 decurrit
691 4405 755 4461 sine
776 4405 835 4462 ullo
858 4396 941 4463 hoste
