3046 5092
333 314 556 354 CONTVMELIAM
577 314 723 354 ACCIPERE
745 314 923 356 SAPIENTEM.
943 317 979 356 Vl.
1000 315 1047 356 Vll.
1262 323 1302 383 23

62 482 159 546 quos
174 460 360 522 Alexander
376 461 508 534 intrauit,
526 482 589 522 non
606 459 803 540 Carthaginis
820 469 873 521 aut
887 461 1076 522 Numantiae
1093 463 1225 537 moenia,
1242 484 1303 524 una

62 584 173 633 manu
189 577 289 648 capta,
313 588 377 628 non
396 567 586 648 Capitolium
603 587 758 639 arcemue,
782 587 863 646 quae
886 566 1005 627 habent
1029 568 1165 629 inustum
1190 569 1303 631 hostile

62 674 250 738 fastidium:
270 674 320 735 illa
333 694 415 755 quae
430 676 605 755 sapientem
619 682 753 748 tuentur,
770 682 801 733 et
818 657 978 734 allamma
994 683 1026 734 et
1042 674 1083 735 ab
1095 675 1217 736 incursu
1234 685 1303 737 tuta

61 791 158 855 sunt,
181 781 299 842 nullum
316 781 476 842 introitum
493 780 655 862 praebent,
680 778 815 851 excelsa,
839 780 1103 861 inexpugnabilia,
1128 782 1175 842 dis
1192 803 1300 863 aequa.

42 895 46 944 Ι
168 889 235 948 Vll.
268 889 341 948 Non
367 896 415 947 est
437 889 525 967 quod
550 887 651 960 dicaS,
682 887 725 946 ita
749 895 783 947 ut
806 884 903 959 sole5‚
938 885 1021 947 hunc
1043 889 1218 968 sapientem
1243 910 1299 950 no-
1330 906 1341 943 5

62 1006 177 1057 strum
201 1014 356 1074 nusquam
373 995 508 1054 inueniri.
541 1014 604 1054 non
628 993 774 1072 fingimus
798 993 880 1053 istud
898 991 1026 1054 humani
1049 995 1162 1074 ingenii
1187 1016 1302 1056 uanum

39 1103 175 1162 ·decus
197 1122 255 1162 nec
279 1102 438 1181 ingentem
464 1101 633 1179 imaginem
665 1098 760 1160 falsae
791 1100 834 1160 rei
859 1100 1066 1179 concipimuS,
1096 1101 1153 1161 sed
1177 1100 1301 1180 qualem

63 1207 323 1281 conformamus
348 1206 549 1268 exhibuimus
565 1215 598 1266 et
614 1206 845 1279 exhibebimus
870 1226 939 1267 raro
965 1205 1092 1268 forsitan
1118 1209 1303 1289 magnisque

60 1323 216 1374 aetatum
241 1313 409 1375 interuallis
426 1333 531 1374 unum.
563 1333 665 1392 neque
689 1313 772 1373 enim
790 1333 907 1392 magna
923 1321 954 1373 et
971 1315 1159 1375 excedentia
1175 1314 1301 1376 solitum

59 1440 91 1479 ac
132 1420 300 1500 uolgarem
325 1422 457 1481 modum
475 1418 587 1481 crebro
612 1419 789 1498 gignuntur.
830 1427 969 1491 ceterum
994 1420 1044 1480 hic
1060 1422 1126 1501 ipse
1150 1421 1194 1482 M.
1211 1421 1301 1495 Cato,
1319 1439 1341 1476 u

58 1547 74 1586 a
99 1528 204 1588 cuius
228 1528 389 1588 mentione
413 1526 491 1587 haec
514 1526 686 1606 disputatio
717 1527 885 1605 processit,
918 1547 1031 1587 uereor
1054 1548 1094 1587 ne
1124 1548 1219 1609 supra
1242 1549 1299 1588 no-

30 1642 177 1695 tstrum
200 1634 365 1714 exemplar
388 1635 435 1695 sit.
482 1634 616 1713 denique
648 1633 779 1693 ualidius
811 1633 908 1693 debet
931 1653 1000 1694 esse
1023 1634 1111 1713 quod
1142 1633 1238 1695 laedit
1262 1655 1301 1695 eo

58 1743 166 1817 quod
189 1741 330 1802 laeditur.
377 1761 441 1801 non
465 1749 514 1800 est
529 1750 635 1800 autem
660 1739 771 1801 fortior
794 1741 931 1820 nequitia
947 1741 1079 1801 uirtute:
1108 1761 1170 1800 non
1195 1724 1302 1821 potest

59 1865 157 1924 ergo
179 1848 258 1909 laedi
283 1848 416 1927 sapiens.
469 1847 577 1908 iniuria
607 1848 637 1906 in
670 1846 773 1906 bonos
797 1847 853 1907 nisi
876 1866 895 1906 a
919 1846 1007 1907 malis
1032 1867 1094 1907 non
1119 1856 1300 1927 temptatur.

59 1951 169 2015 bonis
191 1956 270 2015 inter
294 1975 328 2016 se
351 1975 417 2033 pax
441 1963 497 2015 est.
544 1953 616 2013 mali
640 1963 706 2013 tam
730 1951 822 2013 bonis
845 1953 1008 2033 perniciosi
1031 1973 1127 2032 quam
1156 1954 1235 2014 inter
1258 1975 1300 2016 se.
1319 1970 1341 2010 ¹5

60 2063 190 2136 quodsi
213 2061 296 2122 laedi
320 2061 376 2121 nisi
400 2060 549 2121 infirmior
573 2080 637 2119 non
660 2068 775 2139 potest,
800 2058 901 2120 malus
917 2067 1023 2120 autem
1048 2059 1135 2120 bono
1152 2059 1302 2121 infirmior

62 2173 125 2238 est,
159 2189 214 2229 nec
231 2169 341 2254 iniuria
362 2167 453 2228 bonis
470 2166 527 2226 nisi
543 2187 562 2226 a
579 2166 694 2246 dispari
710 2168 849 2226 uerenda
865 2174 930 2226 est:
958 2166 1065 2226 iniuria
1081 2167 1111 2226 in
1127 2167 1301 2246 sapientem

63 2269 178 2335 uirum
201 2262 263 2336 non
289 2275 380 2334 cadit.
429 2272 502 2332 illud
527 2273 609 2332 enim
641 2272 702 2332 iam
734 2292 797 2333 non
829 2293 862 2333 es
893 2271 1114 2333 admonendus
1143 2274 1301 2334 neminem

38 2375 197 2442 tbonum
222 2402 291 2442 esse
315 2381 371 2440 nisi
395 2381 576 2460 sapientem.
631 2379 657 2439 si
680 2379 803 2453 iniuste,
828 2380 938 2458 inquit,
962 2377 1110 2440 Socrates
1134 2380 1302 2440 damnatus
1393 2429 1396 2435 .

65 2491 138 2558 est,
180 2489 320 2549 iniuriam
352 2488 481 2566 accepit.
543 2485 605 2546 hoc
634 2484 707 2547 loco
739 2484 920 2566 intellegere
950 2506 1008 2545 nos
1047 2494 1175 2566 oportet
1206 2507 1301 2566 posse
1315 2508 1341 2548 20

66 2596 208 2668 euenire,
233 2603 267 2655 ut
291 2595 384 2654 saciat
408 2579 517 2672 aliquis
541 2593 679 2654 iniuriam
705 2592 778 2653 mihi
802 2600 834 2653 et
851 2613 912 2673 ego
936 2612 999 2652 non
1023 2593 1193 2672 accipiam:
1221 2601 1298 2653 tam-

66 2713 173 2772 quam
204 2703 229 2762 si
259 2702 329 2781 quis
361 2721 444 2773 rem,
475 2720 571 2780 quam
604 2720 621 2761 e
653 2699 724 2761 uilla
755 2686 827 2760 mea
857 2699 1018 2779 subripuit,
1036 2701 1079 2759 in
1107 2699 1205 2759 domo
1230 2719 1302 2759 mea

42 2818 187 2883 lponat,
210 2808 261 2869 ille
285 2807 401 2868 lurtum
417 2806 532 2879 iecerit,
557 2826 618 2886 ego
643 2805 715 2866 nihil
738 2806 937 2886 perdiderim.
984 2814 1090 2885 potest
1114 2806 1221 2885 aliquis
1245 2827 1317 2885 no-¹

69 2927 156 2976 cens
177 2915 250 2989 fieri,
274 2915 418 2995 quamuis
442 2933 507 2974 non
531 2912 679 2974 nocuerit.
719 2913 744 2972 si
766 2913 835 2992 quis
860 2932 931 2972 cum
949 2933 1050 2973 uxore
1066 2933 1122 2972 sua
1137 2921 1300 2991 tamquam

70 3033 154 3081 cum
176 3022 274 3082 aliena
297 3020 499 3094 concumbat,
523 3017 645 3080 adulter
669 3018 735 3092 erit,
758 3020 902 3099 quamuis
926 3017 976 3078 illa
999 3017 1142 3078 adultera
1165 3038 1228 3078 non
1253 3018 1300 3078 sit.
1315 3041 1341 3079 π

70 3118 187 3204 aliquis
211 3129 286 3189 mihi
302 3147 458 3188 uenenum
475 3127 572 3200 dedit,
596 3127 653 3187 sed
678 3127 741 3186 uim
765 3144 854 3186 suam
871 3125 1041 3186 remixtum
1059 3124 1129 3184 cibo
1146 3125 1297 3204 perdidit:

73 3246 234 3296 uenenum
263 3234 312 3296 ille
342 3233 450 3295 dando
482 3232 607 3294 sceleris
637 3253 671 3293 se
702 3230 867 3312 obligauit,
907 3232 1000 3292 etiam
1036 3232 1061 3290 si
1093 3252 1153 3290 non
1187 3233 1301 3291 nocuit.

75 3353 144 3397 non
168 3343 266 3403 minus
289 3341 370 3403 latro
387 3349 444 3414 est,
468 3339 554 3400 cuius
567 3338 666 3400 telum
684 3338 832 3418 obposita
855 3346 943 3398 ueste
960 3336 1080 3398 elusum
1098 3347 1145 3397 est
1195 3338 1303 3398 omnia

80 3444 196 3508 scelera
218 3449 313 3509 etiam
338 3455 411 3508 ante
434 3446 581 3506 effectum
606 3446 717 3527 operis
742 3454 895 3524 quantum
918 3442 1028 3524 culpae
1051 3445 1126 3506 satis
1150 3453 1206 3517 est,
1230 3464 1300 3523 per-

58 3547 166 3616 :nfecta
185 3563 263 3615 sunt.
283 3540 284 3544 ¹
305 3554 462 3633 quaedam
486 3551 552 3612 eius
575 3552 768 3613 condicionis
791 3559 911 3613 suntet
934 3548 994 3610 hac
1018 3551 1084 3611 uice
1109 3551 1301 3630 copulantur,
1316 3572 1341 3612 30

88 3660 205 3676 ..κ-,Ἰ

177 3729 184 3778 l
197 3732 278 3794 menia
352 3730 368 3780 2
381 3745 444 3793 quae
456 3729 549 3776 habent
562 3729 666 3776 inustum
680 3725 768 3778 Koch:
785 3728 877 3775 habent
890 3726 935 3773 ista
950 3727 1062 3792 (fatentia
1074 3696 1165 3775 bostile
1177 3725 1300 3772 fastidium

62 3832 70 3846 ’
95 3822 203 3903 Maduip)
306 3838 321 3885 :l
342 3853 362 3883 ÷
375 3835 515 3895 fastidium,
540 3833 568 3885 in
593 3841 680 3902 marg.
700 3849 734 3887 m.
754 3848 806 3886 rec.
833 3850 853 3882 ÷
868 3834 995 3896 uestigium
1102 3831 1171 3895 illaq;
1181 3812 1227 3860 (1¹¹⁹
1245 3831 1301 3896 (que

98 3923 341 3993 ''²·T⁶⁶·Sttperscr.)
421 3921 504 3973 tdiis
583 3923 651 3986 itqd
671 3922 699 3988 (d
718 3937 790 3975 corr.
804 3938 842 3975 ex
861 3922 879 3986 t)
958 3923 1004 3970 ista
1082 3920 1301 3969 iiconsormamus

1108 4021 1114 4045 l

104 4053 233 4132 Woelfflin:
255 4067 430 4115 confirmamus
520 4071 543 4114 et
563 4062 737 4117 adilmal.
810 4063 841 4114 ll
863 4066 909 4112 hec
995 4063 1028 4114 12
1047 4064 1141 4111 ualidus
1161 4061 1179 4127 (i
1199 4059 1299 4128 impr.)
1377 4081 1380 4086 ·

174 4153 200 4206 li
219 4156 265 4204 nisi
278 4149 291 4175 ²
305 4155 378 4207 malis
473 4154 502 4204 lu
523 4154 674 4202 amonendus
765 4153 799 4205 22
818 4146 849 4217 qa
869 4151 947 4219 (ras.)
1038 4152 1072 4203 ⁴227>
1092 4158 1125 4201 cu
1145 4149 1224 4197 aliena
1240 4146 1299 4200 cod.

103 4233 165 4288 aliena
185 4243 239 4297 sine
262 4260 318 4292 cum
344 4239 456 4295 Woltert
479 4251 505 4294 et
528 4241 622 4294 Haase
729 4241 763 4293 26
788 4243 915 4290 remixtum
940 4238 1022 4309 uulqo
1046 4245 1108 4292 ante
1126 4224 1312 4289 Fz'clcerlumz'

10 4324 15 4341 ⁸
104 4328 208 4381 remittam
280 4332 314 4384 2?
334 4332 375 4379 ille
388 4327 515 4399 Maduiq:
531 4332 591 4379 illud
664 4331 760 4378 sceleris
776 4329 871 4382 Gertz:
887 4331 973 4378 sceleri
1045 4328 1079 4380 30
1099 4345 1114 4374 n
1133 4327 1301 4375 neicdicionis

10 4396 21 4459 ⁶.
105 4417 182 4470 suntin
198 4436 328 4492 mary.m.
344 4419 389 4472 al.
1100 4400 1103 4405 ¹
