3046 5092
228 348 292 410 288
443 340 521 385 DIAL.
532 341 583 384 ΧΠ,
614 341 654 381 ΑΙ)
670 340 821 381 POLYBIVM
837 341 876 380 DE
891 340 1134 387 CONSOLATlONE.
1163 347 1192 386 11).
1206 346 1237 388 ld.

158 470 171 510 '⁸
229 488 346 552 Caesar
361 497 488 572 patruus
505 508 594 549 meus
610 487 748 549 Drusum
765 485 998 564 Germanicum,
1018 498 1141 569 patrem
1159 511 1273 565 meum,
1295 492 1451 554 minorem

227 603 318 669 natu,
349 592 443 675 quam
467 594 534 675 ipse
558 602 639 668 erat,
670 592 811 666 fratrem,
835 594 945 655 intima
968 593 1156 658 Germaniae
1180 596 1393 659 recludentem
1419 608 1452 660 et

227 711 339 783 gentes
369 700 576 762 ferocissimas
600 700 750 761 Romano
780 699 987 762 subicientem
1018 690 1149 785 imperio
1181 704 1211 764 in
1235 703 1395 784 conplexu
1419 716 1452 767 et

228 809 258 868 in
290 807 402 870 osculis
435 809 496 868 suis
528 807 647 873 amisit:
684 808 816 868 modum
847 816 954 868 tamen
986 807 1114 888 lugendi
1144 831 1208 871 non
1236 811 1294 872 sibi
1308 792 1452 887 tantum,

201 917 284 976 ssed
308 917 402 976 etiam
427 913 491 975 aliis
514 911 586 974 fecit
610 933 646 974 ac
669 920 772 974 totum
798 914 972 975 exercitum
996 935 1059 975 non
1083 915 1185 976 solum
1204 924 1370 992 maestum,
1394 920 1452 979 sed

228 1024 322 1084 etiam
361 1022 529 1083 attonitum
569 1040 683 1100 corpus
714 1019 807 1080 Drusi
845 1020 891 1081 sui
922 1021 981 1082 sibi
1011 1022 1222 1084 uindicantem
1253 1024 1295 1085 ad
1327 1045 1452 1086 morem

187 1130 191 1136 ’
227 1128 363 1189 Romani
394 1127 494 1213 luctus
522 1127 644 1206 redegit
672 1127 881 1206 iudicauitque
905 1147 969 1187 non
993 1126 1145 1189 militandi
1169 1137 1292 1191 tantum
1316 1129 1451 1212 discipli-

227 1231 300 1297 nam
325 1225 394 1295 esse
414 1235 611 1307 seruandam,
635 1235 692 1295 sed
710 1235 802 1294 etiam
820 1233 955 1294 dolendi.
992 1254 1055 1294 non
1072 1236 1226 1316 potuisset
1242 1236 1291 1297 ille
1309 1236 1453 1299 lacrimas

227 1341 342 1403 alienas
366 1360 564 1422 conpescere,
588 1342 644 1401 nisi
667 1341 751 1421 prius
775 1341 938 1421 pressisset
961 1361 1033 1401 suas

189 1467 221 1531 ¹⁰,
316 1447 403 1509 XVI.
445 1447 517 1527 1351
550 1447 594 1507 Μ.
620 1447 792 1520 Antonius,
817 1467 893 1507 auus
917 1441 1018 1521 meus,
1043 1447 1127 1508 nullo
1152 1449 1254 1510 minor
1277 1449 1334 1511 nisi
1357 1470 1410 1526 eo,
1435 1469 1485 1519 ar

227 1576 290 1636 quo
322 1555 421 1615 uictus
450 1564 513 1628 est,
545 1562 620 1616 tunc
643 1574 715 1614 cum
739 1553 965 1634 rempublicam
990 1557 1193 1646 constitueret
1216 1564 1247 1616 et
1270 1556 1453 1619 triumuirali

226 1671 386 1744 potestate
416 1661 576 1741 praeditus
607 1660 680 1721 nihil
711 1681 805 1741 super
835 1681 868 1721 se
892 1661 1029 1735 uideret,
1060 1663 1201 1744 exceptis
1226 1683 1301 1723 uero
1327 1664 1453 1725 duobus

228 1768 355 1849 collegis
371 1767 478 1829 omnia
493 1765 571 1828 infra
586 1789 619 1829 se
637 1771 793 1841 cerneret,
803 1765 931 1828 fratrem
948 1767 1144 1829 intersectum
1162 1770 1287 1831 audiuit.
1326 1768 1454 1832 fortuna
1473 1786 1488 1838 2

227 1878 389 1955 inpotem,
419 1873 526 1955 quales
555 1895 596 1934 ex
620 1872 763 1935 humanis
788 1873 878 1935 malis
902 1874 956 1935 tibi
980 1874 1046 1956 ipsa
1070 1874 1161 1936 ludos
1184 1875 1277 1937 sacis!
1320 1897 1359 1937 eo
1382 1877 1453 1958 ipso

189 1992 380 2062 intempore,
405 2002 468 2060 quo
485 1980 527 2062 M
544 1979 704 2041 Antonius
727 1982 840 2042 ciuium
864 2001 992 2042 suorum
1016 1983 1099 2043 uitae
1122 1982 1256 2044 sedebat
1278 1984 1453 2063 mortisque

227 2088 350 2162 arbiter,
375 2087 418 2148 M.
443 2087 574 2149 Antonii
598 2086 692 2149 frater
714 2086 785 2148 duci
809 2087 976 2150 iubebatur
999 2090 1040 2149 ad
1063 2086 1267 2171 supplicium:
1299 2088 1369 2150 tulit
1390 2088 1454 2151 hoc

226 2203 334 2256 tamen
357 2204 422 2256 tam
447 2194 534 2254 triste
558 2193 669 2265 uolnus
693 2192 806 2256 eadem
832 2195 1048 2274 magnitudine
1071 2189 1164 2267 animi
1190 2191 1245 2278 [M.
1268 2194 1473 2280 Antonius],⁸

227 2323 289 2382 qua
320 2301 425 2361 omnia
456 2298 515 2362 alia
545 2302 678 2362 aduersa
708 2300 897 2362 tolerauerat
929 2310 960 2362 et
990 2300 1053 2362 hoc
1082 2301 1138 2362 suit
1162 2303 1189 2362 ei
1213 2301 1321 2382 lugere
1344 2303 1454 2383 uiginti

226 2408 386 2487 legionum
418 2410 568 2487 sanguine
600 2407 683 2469 fratri
715 2418 889 2488 parentare.
936 2409 992 2469 sed
1025 2417 1060 2470 ut
1091 2408 1197 2469 omnia
1220 2407 1280 2469 alia
1303 2410 1487 2490 exempla3

187 2530 212 2570 nu
226 2523 439 2596 praeteream,
471 2523 504 2575 ut
535 2515 565 2575 in
596 2535 647 2575 me
679 2535 805 2595 quoque
836 2515 904 2596 ipso
935 2513 994 2575 alia
1024 2524 1147 2576 taceam
1172 2514 1295 2589 funera,
1326 2515 1376 2577 bis
1400 2536 1453 2577 me

226 2621 363 2683 fraterno
394 2619 478 2682 luctu
502 2622 652 2701 adgressa
675 2620 800 2682 fortuna
823 2630 886 2694 est,
919 2621 967 2682 bis
990 2615 1143 2684 intellexit
1168 2622 1248 2683 laedi
1272 2643 1325 2683 me
1346 2642 1451 2704 posse,

227 2729 306 2789 uinci
345 2750 408 2789 non
446 2749 560 2808 posse:
602 2728 689 2788 amisi
721 2726 943 2789 Germanicum
974 2726 1119 2802 fratrem,
1158 2749 1252 2808 quem
1284 2730 1451 2809 quomodo

149 2815 154 2826 ’
227 2837 408 2910 amauerim,
431 2834 583 2914 intellegit
603 2833 744 2914 prolecto
762 2834 899 2915 quisquis
916 2835 1043 2915 cogitat,
1067 2837 1233 2914 quomodo
1249 2855 1324 2896 suos
1340 2834 1451 2896 fratres

227 2943 268 3022 pii
300 2940 408 3002 fratres
433 2946 550 3003 ament.¹
595 2942 639 3001 sic
661 2951 766 3002 tamen
792 2939 951 3002 adfectum
976 2960 1082 3002 meum
1107 2942 1190 3015 rexi,
1221 2951 1255 3002 ut
1279 2962 1338 3003 nec
1361 2941 1449 3003 relin-

187 3063 213 3104 15
227 3068 357 3128 querem
381 3049 557 3128 quicquam,
582 3048 669 3127 quod
694 3048 778 3127 exigi
801 3046 934 3108 ‘deberet
958 3048 1084 3108 abono
1105 3047 1208 3122 fratre,
1231 3068 1290 3109 nec
1306 3047 1450 3120 facerem,

228 3157 313 3234 quod
337 3154 523 3235 reprehendi
547 3163 657 3234 posset
681 3153 711 3213 in
735 3154 881 3234 principe.
1480 3234 1483 3239 y

317 3260 406 3322 Haec
444 3281 521 3340 ergo
560 3268 636 3340 puta
674 3259 728 3320 tibi
760 3267 924 3340 parentem
957 3259 1115 3339 publicum
1148 3259 1261 3321 referre
1294 3260 1489 3342 exemplat

228 3367 364 3427 eundem
396 3368 581 3441 ostendere,
612 3387 706 3447 quam
739 3366 811 3427 nihil
842 3386 964 3427 sacrum
997 3367 1212 3446 intactumque
1235 3366 1275 3427 sit
1298 3365 1451 3440 fortunae,

228 3494 308 3554 quae
332 3494 373 3534 ex
398 3475 441 3535 eis
465 3474 629 3554 penatibus
653 3494 729 3534 ausa
751 3480 799 3534 est
823 3473 930 3534 funera
950 3473 1073 3548 ducere,
1098 3494 1140 3534 ex
1160 3472 1273 3555 quibus
1290 3483 1357 3534 erat
1374 3475 1452 3535 deos

188 3597 213 3633 ³⁰
227 3581 369 3660 petitura.
416 3601 510 3640 nemo
542 3581 647 3661 itaque
678 3581 806 3641 miretur
837 3580 952 3661 aliquid
982 3580 1022 3641 ab
1046 3578 1097 3653 illa
1120 3589 1173 3641 aut
1197 3578 1364 3640 crudeliter
1387 3579 1453 3641 fieri

228 3741 440 3747 ἡ-..
1425 3722 1439 3751 0

230 3827 351 3878 2intima
370 3828 494 3877 Germane
507 3824 587 3879 BDE
674 3826 742 3879 bad
761 3830 905 3879 mortemB
995 3826 1079 3879 7non
1098 3831 1160 3880 ante
1179 3827 1300 3875 militandi
1320 3823 1456 3899 omittit'h‘

318 3915 334 3969 8
354 3916 452 3966 colendi
465 3914 490 3969 D
579 3917 621 3966 ille
639 3916 753 3966 lacrimas
766 3931 851 3984 usque
864 3914 903 3967 ad
914 3916 1039 3980 pressisset
1051 3916 1147 3968 omittit
1160 3913 1187 3968 Ε
1275 3914 1308 3966 10
1321 3931 1351 3964 eo
1365 3879 1454 3978 qud‘lb‘

320 4005 351 4057 11
366 4022 430 4056 rem.
439 4024 464 4070 p.
479 4008 504 4057 B
575 4006 701 4055 triumuira
712 4010 831 4070 potestate
846 4002 871 4055 B
920 4016 923 4022 '
942 4003 977 4056 12
990 4010 1014 4052 et
1026 4007 1133 4070 exceptis
1149 4002 1227 4058 BDE
1236 4009 1259 4053 et
1272 4018 1323 4055 om.
1338 4001 1365 4055 E
1370 4005 1378 4038 ⁴

231 4094 263 4144 lh
281 4095 343 4142 mihi
357 4096 477 4143 Antonius
496 4096 604 4145 ciuilium
623 4111 720 4144 suorum
741 4095 802 4142 uitas
822 4094 911 4141 edebat
924 4090 978 4145 DE
1067 4093 1098 4146 16
1118 4095 1198 4143 fratris
1211 4092 1238 4145 Ε
1325 4093 1454 4141 iubebatur

228 4181 310 4251 1111110
323 4185 451 4233 uidebatur
471 4182 551 4236 Bou
639 4182 672 4236 17
692 4185 727 4235 Μ,
741 4183 860 4232 Antonius
879 4180 991 4234 induxit
1002 4179 1127 4235 Muretus
1221 4182 1251 4235 18
1270 4199 1318 4247 quo
1338 4179 1365 4232 B

229 4273 251 4320 ei
270 4273 353 4336 lugere
372 4271 458 4341 Neap.
479 4274 529 4322 eius
548 4273 631 4336 lugere
651 4270 732 4325 BDE
832 4270 864 4322 19
884 4272 1015 4320 lectionum
1029 4269 1057 4322 Ε
1150 4273 1292 4336 sanguinem
1317 4268 1367 4322 ΒΕ

228 4377 313 4425 parem
327 4363 385 4411 dare
398 4358 426 4412 Ε
514 4359 556 4413 21·
567 4378 672 4427 superno
692 4361 756 4410 luctu
770 4359 796 4413 B
880 4366 915 4409 est
933 4362 1049 4411 intellexit
1063 4359 1091 4412 Ε
1107 4367 1141 4409 est
1154 4361 1196 4415 bis¹
1207 4361 1325 4424 intellegit
1342 4358 1365 4410 B

229 4446 262 4500 23
288 4465 343 4498 suos
363 4449 447 4499 fratres
466 4448 590 4502 omittunt
611 4447 663 4502 DE
751 4446 785 4502 26
804 4448 926 4514 possitB
1016 4446 1204 4514 aprincipeI)
1272 4467 1275 4474 ·
