3046 5092
151 317 192 376 ῃ
426 310 506 354 DtnL.
526 309 556 350 ll.
579 310 619 348 AD
639 305 780 350 saassnvu
800 308 860 348 NEC
880 306 1022 347 llllVRlAM
1043 305 1104 348 Noc

150 468 202 518 aut
228 467 348 518 tantam
373 457 466 517 animi
483 456 731 535 magnitudinem
748 454 870 514 cadere.
901 439 1031 533 sed-isi]
1056 457 1164 535 prodit
1187 457 1219 516 in
1236 457 1390 519 medium

150 565 202 645 qui
235 565 339 626 dicat:
383 584 446 625 nou
478 571 526 624 est
557 563 645 642 quod
677 561 818 634 dubiteS,
851 581 892 620 an
922 559 1067 622 attollere
1098 582 1133 623 se
1162 561 1263 624 homo
1288 574 1390 626 natus

152 691 245 752 supra
268 671 407 731 humana
429 669 544 751 possit,
577 689 616 728 an
645 667 788 740 dolores,
820 668 953 740 damna,
985 666 1209 742 ulcerationes,
1242 669 1390 746 uolnera,

153 799 287 859 magnos
320 787 426 837 motus
457 794 561 837 rerum
594 776 675 835 circa
705 795 740 834 se
771 773 970 834 frementium
1001 794 1129 835 securus
1162 778 1322 857 adspiciat
1355 788 1390 839 et

124 886 232 949 adura
254 883 377 965 placide
402 882 480 943 lerat
504 891 536 942 et
558 882 699 943 secunda
722 882 902 953 moderate,
934 900 992 940 nec
1023 880 1080 941 illis
1109 884 1228 943 cedens
1253 904 1316 946 nec
1340 885 1390 946 his

152 991 264 1061 fretus,
297 1010 375 1050 unus
406 990 555 1069 idemque
586 989 670 1084 inter
696 987 819 1048 diuersa
850 987 889 1047 sit
920 1006 978 1048 nec
1007 988 1175 1068 quicquam
1206 1010 1303 1052 suum
1328 992 1390 1053 nisi

152 1118 187 1159 se
211 1105 301 1179 putet
324 1117 411 1170 esse,
442 1116 477 1156 se
507 1116 634 1175 quoque
665 1115 703 1155 ea
726 1104 831 1176 parte,
864 1114 927 1173 qua
951 1093 1062 1155 melior
1093 1106 1160 1157 est:
1194 1117 1235 1157 en
1267 1099 1390 1161 adsum

154 1203 215 1265 hoc
239 1203 329 1264 uobis
354 1201 551 1283 probaturus,
576 1201 635 1263 sub
659 1201 719 1262 isto
743 1209 793 1261 tot
816 1200 985 1260 ciuitatium
1015 1221 1160 1263 euersore
1185 1205 1390 1267 munimenta

155 1313 279 1372 incussu
304 1309 406 1370 arietis
437 1307 574 1369 labefieri
606 1317 638 1368 et
669 1307 800 1368 turrium
828 1307 1025 1368 altitudinem
1049 1307 1196 1370 cuniculis
1219 1331 1259 1371 ac
1282 1310 1388 1373 laten-

23 1427 33 1444 ·
116 1441 139 1481 ro
154 1416 238 1477 tibus
277 1413 367 1476 fossis
405 1424 535 1496 repente
574 1415 719 1475 desidere
758 1421 789 1473 et
821 1422 1026 1492 aequaturum
1067 1415 1255 1478 editissimas
1295 1438 1390 1480 arces

153 1542 305 1602 aggerem
338 1542 495 1594 crescere,
527 1529 559 1582 at
590 1518 674 1581 nulla
706 1517 958 1580 machinamenta
988 1541 1084 1601 posse
1116 1523 1260 1604 reperiri,
1302 1546 1390 1604 quae

154 1629 236 1691 bene
259 1628 422 1690 fundatum
447 1629 585 1688 animum
610 1627 738 1706 agitent.
785 1627 885 1707 erepsi
915 1628 1015 1688 modo
1038 1648 1056 1687 e
1080 1629 1172 1689 ruinis
1202 1630 1324 1692 domus
1355 1641 1390 1693 et

154 1734 303 1798 incendiis
329 1735 465 1815 undique
489 1732 697 1795 relucentibus
730 1732 874 1793 flammas
898 1753 954 1814 per
977 1735 1160 1812 sanguinem
1184 1734 1258 1815 sugi.
1309 1737 1390 1800 filias

156 1863 243 1905 meas
266 1843 335 1922 quis
359 1862 449 1903 casus
474 1841 598 1914 habeat,
623 1861 662 1901 an
687 1840 775 1921 peior
802 1837 928 1920 publico
952 1840 1065 1900 nescio.
1111 1840 1198 1903 solus
1221 1852 1255 1903 et
1279 1846 1390 1908 senior

118 1959 188 2013 raet
211 1948 338 2011 hostilia
361 1948 442 2009 circa
465 1969 518 2008 me
548 1948 654 2008 omnia
677 1945 785 2007 uidens
817 1955 924 2006 tamen
947 1946 1104 2026 integrum
1128 1947 1390 2032 incolumemque

156 2076 225 2118 esse
249 2074 378 2116 censum
403 2074 509 2114 meum
533 2053 703 2134 profiteor:
738 2062 849 2125 teneo,
879 2051 983 2113 habeo
1014 2053 1166 2134 quidquid
1190 2057 1254 2116 mei
1278 2056 1390 2120 habui.

155 2182 218 2223 nou
251 2170 299 2222 est
327 2162 413 2240 quod
443 2180 494 2220 me
528 2160 642 2220 uictum
676 2159 891 2238 uictoremque
920 2167 952 2219 te
981 2161 1110 2221 credas:
1153 2162 1225 2222 uicit
1257 2162 1390 2226 fortuna

155 2278 209 2330 tua
235 2267 394 2328 fortunam
419 2285 533 2326 meam.
580 2264 697 2325 caduca
728 2263 779 2325 illa
810 2273 841 2326 et
866 2266 1028 2326 dominum
1053 2269 1206 2328 mutantia
1237 2269 1292 2330 ubi
1325 2273 1390 2334 sint

155 2374 285 2434 nescio:
320 2373 407 2452 quod
439 2372 480 2432 ad
513 2391 561 2431 res
585 2391 672 2432 meas
696 2371 846 2452 pertinet,
871 2363 995 2432 mecum
1020 2382 1107 2446 sunt,
1132 2394 1258 2436 mecum
1284 2388 1386 2441 erunt.

115 2501 142 2542 ro
156 2479 361 2560 perdiderunt
386 2479 434 2539 isti
451 2478 563 2538 diuites
579 2478 774 2558 patrimonia,
799 2476 953 2538 libidinosi
970 2499 1095 2540 amores
1116 2500 1190 2541 suos
1214 2489 1246 2542 et
1263 2502 1386 2563 magno

156 2586 287 2666 pudoris
310 2586 458 2665 inpendio
482 2583 596 2644 dilecta
619 2591 733 2656 scorta,
757 2583 915 2644 ambitiosi
935 2587 1052 2645 curiam
1077 2595 1109 2646 et
1130 2586 1231 2648 lorum
1256 2597 1290 2648 et
1315 2588 1387 2652 loca

156 2693 343 2754 exercendis
381 2693 410 2751 in
449 2689 575 2771 publico
615 2691 693 2751 uitiis
734 2691 904 2765 destinata;
947 2690 1139 2754 feneratores
1177 2695 1387 2773 perdiderunt

157 2798 299 2871 tabellas,
322 2797 435 2878 quibus
455 2796 584 2857 auaritia
606 2795 685 2858 falso
700 2796 784 2858 laeta
800 2797 925 2861 diuitias
941 2799 1147 2878 imaginatur:
1174 2820 1237 2878 ego
1252 2802 1386 2880 quidem

157 2905 264 2965 omnia
302 2905 423 2984 integra
462 2903 651 2984 inlibataque
682 2903 794 2965 habeo.
852 2905 993 2986 proinde.
1014 2907 1092 2966 istos
1123 2907 1300 2987 interroga,
1333 2911 1386 2990 qui

119 3036 144 3076 ra
160 3009 250 3082 flent,
276 3009 501 3084 lamentantur,
534 3011 586 3089 qui
617 3011 731 3071 strictis
763 3010 873 3090 gladiis
904 3014 990 3072 nuda
1011 3033 1070 3093 pro
1094 3012 1226 3094 pecunia
1249 3034 1388 3097 corpora

158 3126 340 3199 opponunt,
378 3118 430 3196 qui
469 3117 595 3178 hostem
635 3125 767 3178 onerato
806 3118 872 3178 sinu
904 3119 1033 3197 fugiunt.
1095 3139 1171 3198 ergo
1209 3120 1253 3181 ita
1292 3120 1386 3197 habe,

158 3223 292 3297 Serene,
336 3223 511 3304 perlectum
550 3223 636 3284 illum
674 3224 790 3296 uirum,
829 3222 972 3285 humanis
1012 3225 1185 3306 diuinisque
1218 3226 1386 3290 uirtutibus

157 3329 284 3411 plenum
308 3329 381 3391 nihil
405 3329 546 3410 perdere.
593 3329 679 3389 bona
710 3329 774 3390 eius
803 3329 907 3390 solidis
939 3340 970 3393 et
1002 3332 1291 3414 inexuperabilibus
1316 3356 1385 3396 mu-

158 3438 320 3497 nimentis'
333 3437 510 3518 praecincta
540 3444 620 3496 sunt.
666 3456 730 3494 non
754 3434 947 3515 Babylonios
978 3438 1035 3498 illis
1067 3459 1173 3499 muros
1206 3440 1386 3516 contuleris,

160 3667 236 3718 1sed
255 3662 296 3733 [si]
316 3666 399 3730 prodit
416 3661 546 3732 Maduiq:
573 3665 616 3712 sed
635 3665 655 3711 si
674 3664 756 3727 prodit
852 3666 987 3716 duulnera
1083 3666 1215 3731 lmoluris
1274 3667 1316 3722 De
1334 3669 1387 3723 hoc

159 3751 289 3823 ulonqae
307 3751 415 3815 indicio,
435 3751 510 3820 quod
522 3750 661 3819 Deilesseu
682 3752 708 3802 in
728 3751 815 3820 ipsum
830 3751 912 3804 Plinii
930 3759 1034 3807 textum
1054 3753 1171 3819 iudicarit,
1191 3757 1228 3823 of.
1243 3755 1389 3812 Ribbecto'

160 3841 275 3895 indicem
294 3839 478 3913 Vergilianum
491 3857 521 3912 p.
540 3844 590 3892 449
610 3846 635 3894 et
656 3838 811 3892 Brumbuclr
833 3839 961 3909 Orthopr.
975 3859 1006 3912 p.
1029 3846 1072 3895 131
1096 3860 1136 3912 sq.
1215 3849 1320 3910 aspiciat

814 3936 820 3965 l
1107 3962 1112 3985 1

161 4003 176 4053 li
190 4005 279 4067 cedens
351 4001 440 4064 iesse,
455 4019 480 4050 se
493 3998 621 4066 Mudrtirs:
637 4000 667 4049 Ee
744 4000 767 4050 ll
792 3983 890 4066 adnulla
968 4001 995 4050 lil
1010 4003 1120 4050 incendis
1134 4005 1219 4069 (iren.
1233 4011 1386 4074 superior.)

252 4091 280 4144 tl
303 4109 334 4140 an
353 4093 423 4156 peior
441 4091 555 4155 publico:
577 4086 696 4140 dedecus
712 4086 862 4156 pudicitiae
882 4087 999 4140 uiolatae
1018 4088 1138 4142 radicari
1153 4092 1266 4146 ‹idriolol
1277 4095 1388 4164 Lipsius

252 4235 283 4285 'lb'
303 4234 419 4299 quicquid
509 4230 543 4283 ‘20
561 4188 681 4280 libidinod
698 4229 716 4295 (l
736 4246 769 4281 m.
785 4228 844 4297 pr.)
936 4231 967 4282 2l
989 4233 1115 4295 impendio
1203 4237 1277 4285 dilect
1296 4255 1312 4283 a
1332 4258 1348 4286 rr
1370 4258 1386 4286 a

162 4321 200 4384 (ln
219 4338 320 4375 rasura
339 4341 354 4372 a
372 4327 453 4372 scorta
472 4320 601 4390 apparet)
692 4317 726 4370 al
745 4319 886 4382 illibataque
976 4319 1009 4370 25
1029 4321 1203 4383 lamentantur,
1223 4326 1264 4387 qui
1286 4323 1384 4379 Gertz:

161 4413 201 4475 qui
222 4413 382 4461 lamentantur
470 4413 503 4463 tt}
523 4412 588 4458 habe
609 4407 634 4461 Ε
641 4410 661 4459 ¹:
683 4408 759 4456 habes
849 4406 883 4458 ⁴2&
903 4409 1027 4457 mouimlis
1112 4414 1144 4463 aa
1164 4414 1210 4460 illis
1231 4413 1326 4464 Gertz:
1350 4418 1387 4465 illi
