3046 5092
119 315 195 356 XXIV
525 315 563 354 DE
578 313 691 356 conten
704 314 945 358 MEDIOLANENSI.

123 464 470 539 internumerare
494 465 630 531 tristirin;
654 432 789 541 denique
818 463 898 532 19‚1
924 480 982 537 pro
1007 465 1130 523 indiuisa
1155 465 1246 523 darn
1270 467 1352 540 qnod

118 593 161 648 sie
190 592 220 648 r'n
251 591 312 647 alin
345 589 528 660 transfertur
558 595 588 645 nt
619 582 677 645 oib'
698 591 757 658 [κά]
784 584 893 661 portib'
922 574 1059 669 cornuae,
1091 587 1147 646 nisi
1178 587 1268 667 quod
1298 585 1350 646 hic

121 695 189 774 ipsa
213 693 313 772 prima
337 711 448 752 manus
471 693 538 751 sine
563 689 625 751 ulla
649 691 845 751 dubitatione
869 693 1073 770 agnoscenda
1097 703 1153 754 est.
1184 723 1189 738 ι

207 815 311 877 Venio
335 835 416 876 nunc
440 814 480 876 ad
505 834 628 875 rasuras
652 823 684 875 et
707 816 931 890 correctiones,
956 836 1087 895 quarum
1111 806 1229 878 nullam
1254 837 1349 878 manu

117 924 216 985 altera
239 921 289 982 uel
313 923 404 982 tertia
426 923 621 1001 superiorem
650 941 718 981 esse
747 922 808 982 iam
833 942 928 1001 snpra
958 921 1117 1002 professus
1147 943 1234 997 sum,
1267 943 1349 1004 quae

117 1031 244 1110 quidem
284 1029 344 1088 dici
381 1029 487 1106 nequit
526 1036 679 1106 quantum
719 1028 899 1087 detrimenti
937 1029 1038 1088 codici
1073 1028 1242 1090 attulerint.
1297 1029 1350 1090 Ac

115 1137 252 1216 primum
277 1135 405 1214 quidem
430 1142 499 1195 tota
524 1132 678 1193 uocabula
702 1136 744 1194 ita
766 1133 879 1194 abrasa
903 1143 934 1194 et
959 1135 1023 1196 aliis
1047 1144 1170 1197 mutata
1193 1146 1282 1210 sunt,
1315 1146 1349 1198 ut

117 1243 192 1322 quid
209 1242 314 1302 codex
339 1239 483 1301 habuerit
507 1259 602 1319 saepe
626 1242 756 1308 omnino
780 1239 924 1319 ignotum
948 1241 997 1315 sit,
1020 1244 1051 1303 in
1074 1262 1139 1324 quo
1155 1262 1273 1322 genere
1297 1263 1349 1304 me

117 1368 181 1408 non
205 1347 320 1408 mora'ri
344 1345 457 1420 ltalos,
489 1348 540 1426 qui
571 1345 711 1426 pluribus
734 1344 811 1407 locis
835 1349 969 1427 primam
998 1368 1127 1409 manum
1152 1348 1266 1428 legisse
1289 1347 1349 1410 sibi

118 1457 174 1516 uisi
198 1463 279 1527 sunt,
302 1453 409 1514 statim
433 1452 473 1513 ab
497 1453 583 1513 initio
607 1452 783 1532 significaui.
831 1451 938 1520 Veluti
964 1460 988 1528 l,
1006 1460 1034 1529 5,
1052 1458 1070 1518 3
1087 1460 1117 1516 r'n
1133 1457 1207 1517 urbe
1228 1474 1351 1516 securos

118 1598 180 1640 esre
197 1584 350 1654 praecisos
371 1577 401 1637 in
425 1597 532 1638 rasura
556 1575 669 1656 legitur
691 1597 777 1644 euros
802 1559 835 1639 e'e
844 1581 940 1660 probi,
967 1584 1123 1656 praecisos
1137 1578 1208 1641 sola
1224 1580 1348 1641 coniec-

119 1694 189 1745 tura
212 1685 317 1744 nititur
325 1705 335 1755 ;
368 1685 403 1763 l,
428 1686 463 1760 8,
496 1684 515 1742 2
547 1703 605 1744 non
636 1687 697 1744 nlin
722 1700 816 1760 'qnam
846 1688 876 1766 in
907 1689 975 1745 ludo
1005 1690 1186 1759 gladiatorio
1217 1691 1281 1746 nitu
1310 1697 1363 1767 est

120 1810 241 1869 qnorum
273 1794 428 1850 ludentium
454 1779 723 1866 pugnantiumque,
755 1789 808 1850 ubi
838 1809 902 1850 cnm
933 1795 1023 1851 isdem
1053 1796 1227 1868 uiuentium,
1261 1794 1350 1872 quod

119 1880 329 1977 Neapolitana
353 1894 458 1970 habet,
482 1916 632 1976 magnam
649 1916 725 1976 prae
741 1916 775 1956 se
791 1894 871 1957 serre
886 1896 1144 1977 probabilitatem
1161 1895 1225 1960 non
1241 1919 1347 1979 nego;
1384 1951 1393 1955 -

121 2009 149 2077 l,
169 2007 217 2077 10,
236 2005 254 2064 6
279 2005 478 2063 obtineretur
501 2011 581 2063 loeus
604 2013 646 2064 est
670 2003 697 2082 (i.
715 2023 755 2063 m.
778 2023 873 2064 manu
897 2023 956 2064 rec.
981 2009 1028 2064 isti
1049 2003 1168 2083 scenae)
1193 2007 1349 2068 editiones

119 2111 274 2192 praebent
296 2110 345 2170 nbi
367 2112 430 2169 istie
452 2113 536 2181 trne;
559 2113 588 2183 5,
615 2111 663 2182 15,
682 2111 699 2170 3
724 2114 768 2170 sic
791 2110 862 2171 edit*
889 2115 971 2187 opud
992 2115 1055 2171 illos
1077 2115 1120 2171 sic
1142 2112 1247 2172 bibitur
1272 2120 1349 2174 m.4

119 2220 149 2277 in
166 2217 307 2295 margine
323 2215 502 2276 coniectura
517 2235 584 2276 rem
600 2235 658 2276 acu
673 2218 777 2295 tetigit
793 2217 961 2277 scribendo
978 2226 1058 2277 estur
1074 2215 1123 2297 (cs.
1137 2216 1235 2279 Plaut.
1253 2219 1348 2280 Most.

121 2326 183 2385 235
202 2327 264 2383 dies
286 2331 441 2398 noctesque
465 2334 543 2382 estur
566 2321 701 2400 bibitur);
726 2324 753 2396 7,
772 2323 799 2396 2,
817 2325 834 2382 2
853 2329 969 2399 uolgum
987 2333 1083 2383 antem
1099 2333 1157 2384 tum
1175 2330 1350 2386 clurrn‘dntos

120 2448 208 2506 quarn
229 2441 386 2489 coronatos
408 2448 491 2500 narn,
516 2412 728 2509 ubipriorem
752 2431 937 2512 scripturam
961 2449 1090 2509 prorsus
1106 2429 1254 2491 abrasam
1279 2451 1348 2492 esse

120 2539 214 2597 etiam
238 2535 307 2596 ltali
331 2533 464 2596 confessi
488 2545 580 2609 sunt,
609 2537 637 2609 7,
655 2537 741 2610 25,2
766 2541 929 2597 arnr‘nr'rlnn
953 2542 1004 2609 sit,
1028 2536 1081 2598 ubi
1104 2538 1217 2597 eadem
1241 2557 1345 2598 corre·

120 2643 214 2705 ctoris
239 2645 463 2722 inportunitate
487 2644 593 2702 codex
617 2642 684 2721 ipse
716 2652 747 2704 et
779 2663 889 2703 manus
920 2644 1029 2704 tertiae
1061 2652 1138 2704 nota
1169 2643 1347 2724 marginalis

121 2758 270 2829 corrupta
293 2760 349 2823 est,
373 2747 468 2830 paulo
493 2736 565 2809 ante
588 2751 738 2822 tractaui;
769 2752 817 2823 10,
841 2754 868 2823 ti,
894 2751 912 2808 2
936 2752 1029 2811 subito
1055 2755 1128 2810 enim
1151 2757 1273 2812 uolnere
1294 2772 1349 2828 per

119 2862 226 2931 innuen
243 2869 362 2932 decepto
379 2861 537 2931 conlapsas
554 2867 603 2936 est,
615 2853 780 2941 *habemus
796 2857 825 2916 in
841 2876 949 2916 rasura
960 2862 1109 2934 perinane,
1132 2858 1271 2937 adquae
1288 2858 1348 2919 ioci

121 2983 215 3023 causa
243 2963 361 3022 addere
389 2961 461 3024 licet
494 2963 529 3036 2,
554 2964 589 3036 6,
615 2963 632 3022 7
658 2965 764 3022 dilecto
787 2973 887 3023 scorta
911 2962 1029 3023 litteras
1054 2985 1072 3020 n
1095 2974 1194 3024 scorto
1218 2965 1348 3024 abrasas

121 3089 190 3130 esse
220 3089 322 3149 neque
353 3076 460 3129 tamen
492 3071 545 3143 ita,
576 3076 611 3128 ut
634 3089 699 3128 non
722 3069 763 3128 ab
788 3088 826 3129 eo
850 3070 902 3148 qui
926 3070 1025 3130 aciem
1049 3070 1208 3160 intendat,
1241 3072 1349 3153 dispici

120 3176 250 3257 possint.
297 3174 419 3235 Harum
444 3175 559 3235 similes
575 3175 599 3235 si
616 3175 752 3254 reliquae
769 3195 880 3236 omnes
897 3185 1001 3236 essent
1017 3196 1150 3250 rasurae,
1175 3176 1258 3237 male
1274 3196 1348 3256 age-

121 3291 206 3343 retur
230 3302 300 3342 cum
325 3280 466 3342 Senecae
491 3283 723 3356 emendatione,
748 3283 806 3342 sed
823 3282 974 3363 plurimae
989 3303 1117 3362 prorsus
1133 3281 1209 3343 alius
1225 3285 1350 3363 generis

120 3398 192 3449 sunt
215 3397 247 3449 et
270 3387 355 3448 haud
379 3408 449 3448 raro
474 3389 516 3447 ita
540 3396 759 3467 comparatae,
791 3400 824 3449 ut
847 3389 1018 3469 indignatio
1042 3391 1072 3449 in
1096 3389 1191 3449 risum
1215 3409 1347 3450 conuer-

119 3503 210 3556 tatur.
266 3493 381 3555 Codex
420 3496 503 3555 enim
542 3493 667 3574 qualem
699 3494 825 3555 saeculo
859 3497 1050 3556 duodecimo
1087 3504 1224 3556 exeunte
1255 3495 1351 3558 fuisse

120 3602 264 3662 conicere
286 3599 357 3661 licet
382 3620 454 3660 cum
478 3602 580 3680 magis
604 3602 767 3680 magisque
798 3610 999 3675 tractaretur,
1032 3603 1205 3663 extiterunt
1235 3604 1351 3682 quibus

120 3728 184 3769 non
215 3707 354 3788 placeret
385 3709 537 3786 scriptura
567 3727 630 3767 uno
661 3707 878 3788 aequabilique
909 3717 1020 3769 tenore
1051 3711 1219 3769 decurrens
1248 3729 1351 3789 neque

67 3863 70 3869 .
121 3813 225 3875 multis
249 3814 333 3874 notis
357 3816 492 3893 signisue
515 3815 673 3889 instructa,
697 3835 775 3895 quas
799 3817 882 3894 ipsas
906 3824 999 3876 notas
1024 3792 1186 3895 tamquam
1211 3815 1252 3876 ad
1275 3837 1352 3877 suae

121 3921 231 3982 aetatis
248 3921 509 3981 consuetudinem
527 3923 627 4000 magis
644 3922 910 3982 adcommodatas
935 3920 974 3982 illi
992 3924 1103 3983 rasuris
1119 3919 1230 3982 inferre
1247 3924 1352 3984 conati

120 4036 200 4089 sunt.
249 4024 343 4087 Cuius
367 4028 495 4088 rationis
518 4047 612 4107 quam
638 4029 720 4088 uiam
746 4039 776 4088 et
801 4029 944 4088 ordinem
961 4028 1090 4103 inierint,
1114 4029 1188 4120 satis
1204 4039 1370 4092 accurate.

122 4133 292 4194 obseruare
316 4132 395 4195 licet.
444 4132 550 4194 Veluti
582 4154 653 4194 cum
684 4134 838 4214 scriptura
869 4155 920 4213 ne,
952 4155 1033 4214 quae
1064 4135 1191 4215 quidem
1218 4146 1352 4217 propter

120 4241 188 4302 soni
220 4241 313 4320 ipsius
344 4239 522 4301 molestiam
562 4241 624 4301 iam
664 4241 750 4321 apud
789 4250 911 4300 ueteres
944 4243 1134 4303 mutationes
1167 4263 1262 4322 passa
1293 4253 1351 4316 est,

121 4347 223 4407 minus
246 4357 338 4426 grata
362 4348 534 4421 uideretur,
558 4349 693 4428 primum
718 4366 738 4407 n
760 4348 882 4459 pgnctis
906 4356 1051 4409 notatum
1076 4359 1133 4423 est,
1157 4357 1191 4409 ut
1217 4355 1245 4424 4,
1275 4353 1306 4425 9,
1331 4352 1350 4411 2
