3046 5092
491 311 571 355 DlAL.
587 310 624 353 lv,
649 311 690 351 DE
704 311 756 351 IRA
770 310 825 350 LlB.
841 308 870 352 ΙΙ,
886 317 906 354 1.
921 315 941 353 2.
1299 318 1339 378 57

100 459 296 538 indignatus
326 466 383 532 est,
416 457 599 533 damnauit,¹
616 457 788 520 ulciscitur:
822 458 902 520 haec
932 479 997 520 non
1024 467 1156 540 possunt
1178 457 1254 534 fieri,
1285 461 1342 522 nisi

107 565 239 630 animus
262 564 315 624 eis·
329 564 442 644 quibus
465 565 655 645 tangebatur
677 566 829 627 adsensus
852 573 909 626 est.

208 669 244 732 ΙΙ.
290 669 451 751 Quorsus,
486 672 601 752 inquis,
640 671 719 732 haec
757 673 899 752 quaestio
931 672 1084 753 pertinet?
1135 680 1169 732 ut
1206 674 1340 734 sciamus
1433 704 1436 710 ’

118 778 196 862 quid
216 778 254 840 sit
277 779 330 839 ira.
375 797 450 840 nam
473 778 499 840 si
520 778 623 840 inuitis
646 778 739 840 nobis
762 778 907 852 nascitur,
937 798 1108 858 numquam
1137 779 1249 841 rationi
1272 799 1340 840 suc-

124 883 253 948 cumbet.
299 904 411 946 omnes
450 886 533 946 enim
573 894 679 947 motus
717 885 769 966 qui
807 905 871 945 non
891 883 1072 946 ¹uoluntate
1110 893 1218 947 nostra
1254 885 1368 961 fiunt‚⁵

127 991 221 1054 inuicti
244 999 276 1052 et
298 990 491 1053 ineuitabiles
514 1001 595 1067 sunt,
619 1000 653 1052 ut
676 990 789 1052 horror
810 990 923 1070 frigida
938 992 1104 1072 adspersis,
1128 992 1168 1052 ad
1184 994 1341 1074 quosdam

131 1103 219 1157 tactus
241 1099 429 1177 aspernatio,
474 1099 516 1159 ad
538 1098 662 1180 peiores
685 1099 810 1159 nuntios
825 1097 1027 1177 subriguntur
1049 1097 1101 1180 pili
1125 1107 1157 1160 et
1180 1099 1277 1161 rubor
1299 1101 1341 1161 ad

136 1203 250 1284 inproba
271 1202 371 1264 uerba
393 1195 580 1266 suffunditur
609 1205 809 1285 sequiturque
832 1204 956 1284 uertigo
986 1214 1155 1286 praerupta
1179 1209 1341 1269 cernentis,

140 1329 249 1389 quorum
273 1310 346 1389 quia
368 1308 443 1373 nihil
465 1312 504 1386 ¹in
531 1319 640 1373 nostra
667 1318 828 1393 potestate
851 1318 915 1384 est,
946 1310 1030 1372 nulla
1053 1331 1116 1392 quo
1140 1313 1241 1374 minus
1264 1312 1341 1374 fiant

119 1416 202 1483 2ratio
226 1418 405 1496 persuadet.
454 1418 498 1479 ira
528 1419 704 1499 praeceptis
736 1415 869 1497 fugatur.
923 1425 972 1478 est
1010 1418 1093 1479 enim
1132 1417 1341 1481 uoluntarium
1358 1434 1381 1474 10

145 1521 214 1582 animi
233 1522 351 1595 uitium,
374 1540 439 1581 non
462 1540 505 1580 ex
528 1519 584 1594 his,
608 1540 689 1601 quae
705 1519 891 1580 condicione
906 1519 1045 1600 quadam
1069 1518 1226 1583 humanae
1249 1523 1341 1584 sortis

95 1624 99 1697 ξ
146 1628 262 1688 eueniunt
292 1628 431 1708 ideoque
470 1627 566 1687 etiam
598 1627 832 1708 sapientissimis
871 1626 1026 1688 accidunt.
1071 1627 1152 1689 inter
1190 1648 1271 1708 quae
1310 1636 1342 1690 et
1399 1710 1403 1715 .

95 1714 97 1725 ¹
146 1731 234 1810 primus
256 1732 307 1795 ille
329 1734 408 1795 ictus
431 1734 526 1794 animi
556 1733 721 1814 ponendus
745 1741 811 1807 est,
835 1732 887 1813 qui
910 1752 969 1793 nos
991 1740 1066 1813 post
1089 1734 1272 1815 opinionem
1295 1736 1339 1796 in-

104 1836 214 1902 '3iuriae
234 1847 350 1902 mouet.
397 1838 448 1900 hic
478 1839 561 1900 subit
589 1839 684 1901 etiam
707 1839 787 1899 inter
810 1823 935 1900 ludicra’
951 1859 1083 1900 scaenae
1107 1839 1286 1921 spectacula
1309 1850 1341 1902 et

147 1940 264 2008 lectiones
295 1967 400 2008 rerum
431 1953 633 2008 uetustarum.
684 1965 781 2026 saepe
811 1943 926 2007 Clodio
951 1944 1137 2008 Ciceronem
1170 1947 1341 2030 expellenti
1359 1965 1381 2004 rs

148 2057 170 2109 et
186 2050 315 2121 Antonio
339 2053 497 2114 occidenti
520 2053 664 2113 uidemur
686 2053 784 2113 irasci.
829 2052 899 2133 quis
920 2071 986 2113 non
1009 2035 1120 2114 coritra
1142 2052 1223 2115 Mari
1246 2074 1341 2128 arma,

148 2166 229 2220 contra
256 2157 362 2221 Sullae
392 2160 656 2241 proscriptionem
687 2159 882 2219 concitatur?
920 2160 989 2239 quis
1019 2179 1084 2220 non
1113 2157 1285 2222 Theodoto
1310 2170 1342 2222 et

148 2258 260 2327 Achilae
297 2274 329 2329 et
368 2266 425 2347 ipsi
463 2285 562 2347 puero
593 2285 659 2326 non
695 2264 813 2345 puerile
851 2285 928 2326 auso
960 2264 1077 2326 facinus
1105 2265 1234 2328 infestus
1273 2272 1341 2329 est?

127 2373 227 2432 leantus
248 2392 307 2434 nos
337 2391 575 2453 nonnumquam
605 2378 637 2432 et
665 2371 760 2433 citata
790 2370 965 2433 modulatio
996 2373 1124 2453 instigat
1148 2373 1342 2456 Martiusque

148 2469 183 2533 ille
199 2477 335 2540 tubarum
359 2498 463 2553 sonus,
492 2486 601 2540 mouet
618 2485 740 2539 mentes
756 2485 788 2538 et
804 2486 898 2539 atrox
914 2479 1035 2558 pictura
1050 2487 1083 2540 et
1103 2480 1341 2542 iustissimorum
1355 2503 1381 2544 u

128 2581 337 2661 tsuppliciorum
353 2585 448 2646 tristis
463 2585 641 2665 adspectus,
687 2583 760 2645 inde
783 2591 841 2657 est,
864 2586 952 2665 quod
973 2585 1153 2647 adridemus
1169 2586 1341 2649 ridentibus

149 2689 171 2742 tt
192 2691 343 2752 contristat
375 2711 434 2752 nos
462 2691 556 2769 turba
586 2690 792 2752 maerentium
823 2700 855 2751 et
893 2690 1123 2752 efferuescimus
1161 2693 1204 2754 ad
1242 2692 1342 2755 aliena

149 2798 307 2873 certantium
335 2817 418 2879 quae
439 2817 504 2858 non
519 2806 591 2858 sunt
614 2798 687 2871 irae,
710 2816 775 2858 non
799 2799 900 2877 magis
915 2819 1010 2878 quam
1034 2799 1157 2860 tristitia
1180 2807 1237 2872 est,
1261 2819 1342 2880 quae

150 2896 177 2956 ad
204 2912 403 2985 conspectum
424 2885 556 2983 ¹mimici
595 2902 745 2983 naufragii
761 2874 934 2965 ‘contrahit
959 2904 1105 2979 frontem,
1143 2924 1208 2966 non
1241 2906 1341 2984 magis
1381 2913 1390 2927 ⁶

150 3019 217 3080 quam
248 3011 352 3084 timor,
391 3011 444 3090 qui
474 3007 653 3071 Hannibale
684 3017 757 3091 post
782 3008 906 3072 Cannas
937 3011 1064 3072 moenia
1102 3011 1341 3072 circumsidente
1355 3033 1381 3074 ns

149 3102 242 3176 lectoris
263 3112 416 3197 percurrit
438 3117 584 3177 animum.
631 3116 689 3176 sed
713 3117 821 3177 omnia
850 3117 910 3177 ista
933 3124 1038 3176 motus
1069 3124 1141 3176 sunt
1164 3117 1341 3178 animorum

151 3222 239 3282 moueri
252 3221 426 3283 nolentium
441 3241 501 3283 nec
523 3220 675 3295 adfectus,
698 3222 756 3282 sed
771 3222 921 3303 principia
942 3221 1142 3302 proludentia
1157 3220 1342 3284 adfectibus,

131 3316 180 3379 tsic
194 3327 263 3388 enirn
286 3326 426 3389 militaris
449 3327 503 3388 uiri
526 3327 557 3388 in
582 3328 688 3389 media
710 3347 790 3409 pace
812 3328 874 3389 iam
897 3329 1000 3408 togati
1015 3348 1105 3389 aures
1121 3327 1199 3389 tuba
1213 3329 1343 3390 suscitat

154 3455 331 3476 &n--no

153 3555 368 3625 litteratores:
389 3573 440 3622 eius
530 3589 639 3623 assensus
658 3572 758 3643 (prima
777 3590 788 3623 s
807 3589 822 3625 e
841 3573 926 3637 corr.)
1017 3572 1032 3626 6
1051 3559 1187 3623 imitabiles
1207 3573 1309 3643 (prima
1329 3591 1343 3624 e

154 3654 210 3721 itm-l
297 3662 378 3726 aspsis
484 3661 503 3714 *z
524 3656 580 3711 tact'
602 3678 617 3715 e
641 3677 723 3728 corn,
751 3660 861 3714 addetur
893 3663 965 3711 tactis
990 3661 1079 3729 fuisse
1191 3665 1223 3712 ad
1251 3665 1342 3728 peioris

224 3750 292 3799 robur
311 3757 396 3812 (corr.
414 3747 443 3802 in
461 3750 546 3815 rubor)
642 3749 675 3801 lb
695 3751 793 3800 claudio
814 3749 849 3815 (in
869 3749 937 3816 ras.)
1034 3750 1133 3800 ciceroii
1151 3749 1224 3819 (post
1241 3769 1257 3800 n
1276 3766 1342 3818 rat„

154 3820 252 3906 Μάνῃ.
270 3853 304 3890 m.
323 3831 423 3889 4··c‘3
440 3836 564 3914 cicerone)
594 3906 598 3915 Ι
642 3839 768 3888 excellenti
788 3841 812 3903 (c
830 3837 858 3890 in
877 3837 996 3910 ploorr.)
1076 3838 1108 3890 16
1128 3841 1199 3888 marii
1219 3839 1256 3902 (in
1275 3839 1340 3905 ras.)

156 3943 177 3999 il
191 3954 231 4006 sile
246 3959 282 4025 (iu
299 3961 368 4024 aas).
455 3961 488 4013 18
506 3916 768 4032 ¹{bilibrem(sianascr.
788 3978 821 4016 m.
841 3961 907 4029 rec.)
973 3961 1028 4013 ·20
1046 3978 1126 4020 sonus,
1148 3961 1239 4030 mouet]
1260 3961 1341 4014 inter-

153 4043 289 4101 tuitionem
307 4050 433 4102 correoeit
451 4046 574 4118 Madoiq,
593 4048 759 4120 uulpabatur
776 4067 849 4101 sonus
868 4057 951 4101 mouet
1042 4050 1085 4102 ,21
1107 4033 1236 4114 adspectus

157 4119 196 4175 inde
208 4140 243 4197 bt,
258 4139 323 4202 quod
335 4135 364 4190 Ε
369 4140 391 4188 ¹:
412 4139 475 4188 idest
493 4139 560 4202 quod
577 4136 637 4192 cod.
657 4139 780 4204 iidemque
798 4137 912 4210 Madut'q
984 4134 1099 4188 arridem³
1123 4137 1210 4205 (prior
1227 4155 1239 4186 r
1258 4141 1341 4202 corr.)

220 4219 248 4274 26
264 4223 529 4280 animumMuretus:
556 4228 652 4276 animos
742 4225 779 4295 cf.
802 4225 882 4297 Verq.
903 4225 968 4280 rien.
989 4231 1017 4289 2,
1040 4231 1089 4278 120
1108 4243 1152 4292 per
1170 4228 1220 4275 ima
1238 4227 1343 4276 cucurrit

159 4311 198 4350 ⁰³⁸²
211 4313 286 4364 tremor
381 4315 416 4368 27
434 4316 569 4365 nolentium
589 4313 658 4380 cod„
677 4312 825 4368 Pincianus
832 4333 839 4374 ;
860 4317 992 4366 nolentium
1011 4313 1093 4383 uuloo
1190 4313 1222 4367 Iu
1242 4317 1341 4365 affectus

159 4392 291 4452 “aluums
304 4403 386 4472 prim
404 4405 416 4451 f
431 4419 446 4457 e
464 4418 536 4457 corr.
602 4403 636 4456 28
654 4405 700 4452 uiri
720 4402 802 4473 (corr.
821 4419 855 4458 m.
872 4420 917 4474 pr.
937 4419 975 4458 ex
993 4402 1040 4472 uir)
1079 4421 1082 4425 ·
