3046 5092
261 346 264 351 ·
328 331 407 373 DIAL.
424 329 461 375 VI.
491 331 533 371 AD
548 330 691 372 MARCIAM
707 331 747 370 DE
761 331 1004 374 CONSOLATIONE.
1032 334 1066 376 21.
1081 335 1116 375 22.
1272 340 1331 399 147

78 479 91 529 5
106 480 219 542 diutius
250 498 345 561 quam
377 477 456 539 uixit
479 497 543 537 non
567 468 631 537 fuit.
677 476 760 537 fixus
784 486 832 538 est
855 478 967 558 cuique
989 478 1159 540 terminus:
1194 479 1335 541 manebit

99 606 233 668 semper
263 585 316 647 ubi
346 586 467 666 positus
498 593 552 644 est
600 603 659 644 nec
686 583 772 644 illum
804 583 930 644 ulterius
962 585 1121 665 diligentia
1151 595 1204 647 aut
1233 586 1335 667 gratia

92 691 317 773 promouebit.
356 691 401 752 sic
424 689 515 763 habe,
539 697 571 750 te
594 687 680 749 illum
704 710 745 749 ex
770 689 899 750 consilio
914 691 1107 771 perdidisse:
1134 690 1203 752 tulit
1219 713 1330 754 suum:

140 788 143 792 ’
456 805 598 873 metasque
620 798 683 854 dau
698 800 831 873 peruenit
852 800 894 856 erl
913 802 985 857 aeui.

51 905 62 957 t
87 942 145 951 —-
179 926 247 967 non
287 913 335 966 est
366 904 471 983 itaque
502 902 589 983 quod
620 904 665 963 sic
695 910 727 963 te
758 923 888 964 oneres:
931 906 1032 985 potuit
1066 907 1179 968 diutius
1219 907 1359 968 uiueret

83 1034 168 1075 non
200 1021 249 1074 est
279 1013 452 1090 interrupta
480 1009 544 1070 eius
568 1009 632 1069 uita
655 1029 713 1069 nec
737 1029 887 1090 umquam
911 1030 946 1071 se
969 1013 1056 1072 annis
1080 1034 1169 1074 casus
1193 1014 1332 1074 intericit.

83 1120 237 1182 soluitur
260 1119 346 1200 quod
369 1119 481 1197 cuique
504 1116 695 1196 promissum
719 1124 775 1176 est.
815 1125 890 1178 eunt
907 1120 956 1178 uia
971 1138 1027 1179 sua
1042 1117 1107 1180 fata
1123 1139 1181 1180 nec
1196 1120 1334 1180 adiciunt

83 1230 274 1308 quicquam
298 1244 355 1286 nec
379 1244 420 1284 ex
444 1223 602 1304 promisso
626 1221 723 1284 semel
750 1223 889 1283 demunt.
936 1222 1049 1285 frustra
1072 1236 1148 1286 uota
1169 1245 1210 1287 ac
1231 1227 1334 1287 studia

83 1343 194 1395 sunt:
223 1330 355 1393 habebit
378 1330 510 1412 quisque
532 1338 686 1410 quantum
710 1327 750 1389 illi
775 1329 841 1389 dies
865 1330 982 1410 primus
1005 1330 1174 1412 adscripsit.
1215 1353 1257 1393 ex
1280 1331 1333 1393 illo

84 1460 167 1521 quo
201 1439 339 1520 primum
372 1436 474 1499 lucem
507 1436 600 1510 uidit,
634 1437 692 1497 iter
726 1436 835 1496 mortis
867 1437 1024 1516 ingressus
1059 1447 1107 1498 est
1140 1439 1333 1519 accessitque
1350 1458 1373 1498 ιο

84 1546 168 1609 fato
201 1544 334 1627 propior
361 1552 393 1605 et
416 1541 457 1604 illi
480 1543 538 1623 ipsi
562 1544 614 1623 qui
638 1541 852 1605 adiciebantur
876 1543 1107 1605 adulescentiae
1131 1547 1219 1620 anni,
1252 1548 1335 1608 uitae

29 1648 52 1667 ⁶
87 1651 361 1715 detrahebantur.
407 1651 438 1711 in
469 1649 532 1711 hoc
562 1669 675 1710 omnes
706 1669 812 1710 errore
836 1670 1012 1724 uersamur,
1044 1660 1165 1712 utnon
1188 1661 1335 1733 putemus

87 1762 143 1821 ad
169 1767 309 1820 mortem
333 1758 390 1818 nisi
413 1777 505 1817 senes
530 1755 756 1837 inclinatosque
780 1756 842 1816 iam
867 1776 1013 1837 uergere,
1038 1778 1110 1819 cum
1134 1758 1186 1819 illo
1209 1759 1336 1822 infantia

42 1841 50 1851 ’
88 1867 211 1928 statim
236 1873 269 1925 et
291 1865 426 1938 iuuenta,
451 1865 552 1925 omnis
576 1872 662 1924 aetas
687 1862 772 1924 ferat.
812 1872 911 1943 agunt
932 1884 1012 1944 opus
1028 1885 1118 1927 suum
1134 1865 1216 1927 fata:
1244 1866 1347 1927 nobis

89 1993 233 2034 sensum
258 1979 386 2032 nostrae
410 1971 493 2031 necis
516 1968 674 2044 auferunt,
698 1989 825 2050 quoque
850 1968 967 2030 facilius
991 1971 1141 2053 obrepat,
1167 1993 1252 2034 mors
1275 1973 1334 2034 sub
1353 1993 1375 2031 15

90 2079 172 2161 ipso
197 2078 282 2139 uitae
297 2070 425 2138 nomine
440 2075 535 2137 latet:
562 2075 722 2137 infantiam
739 2077 768 2137 in
785 2097 819 2137 se
835 2077 967 2157 pueritia
984 2080 1148 2154 conuertit,
1171 2081 1335 2160 pueritiam

92 2185 265 2266 pubertas
282 2185 428 2244 iuuenem
444 2203 547 2244 senex
564 2181 701 2244 abstulit.
732 2185 926 2245 incrementa
941 2185 1017 2266 ipsa,
1034 2186 1059 2245 si
1075 2185 1157 2246 bene
1173 2195 1335 2268 conputes,

95 2295 225 2354 damna
247 2300 327 2353 sunt.

46 2393 62 2443 ¹
193 2397 296 2460 XXII.
329 2397 485 2479 Quereris
503 2397 629 2472 Marcia,
652 2418 716 2458 non
737 2407 802 2459 tam
821 2400 873 2459 diu
889 2398 984 2460 filium
1001 2407 1090 2460 tuum
1109 2399 1224 2461 uixisse
1239 2420 1335 2481 quam

97 2507 282 2586 potuisset?
313 2505 396 2565 unde
420 2505 503 2565 enim
527 2504 586 2564 scis
610 2523 650 2564 an
674 2505 789 2566 diutius
812 2504 852 2565 illi
876 2506 1052 2586 expedierit
1075 2508 1200 2568 uiuere?
1232 2527 1270 2568 an
1295 2505 1336 2568 illi
1351 2524 1376 2564 u

97 2611 164 2673 hac
195 2621 301 2672 morte
332 2609 510 2671 consultum
541 2611 615 2672 sit?'
640 2630 734 2691 quem
759 2610 896 2672 inuenire
919 2611 1015 2673 hodie
1037 2621 1147 2694 poteS,
1178 2614 1263 2674 cuius
1287 2633 1335 2674 res

101 2728 172 2781 tam
196 2717 279 2779 bene
302 2718 425 2798 positae
448 2715 662 2797 fundataeque
687 2718 756 2790 sint,
780 2726 814 2778 ut
838 2717 911 2779 nihil
932 2718 973 2780 illi
988 2719 1174 2800 procedenti
1190 2730 1336 2800 tempore

101 2827 282 2888 timendum
313 2824 372 2884 sit?
419 2822 528 2884 labant
559 2822 697 2883 humana
727 2845 764 2884 ac
795 2823 893 2885 fluunt
924 2846 1026 2906 neque
1057 2825 1119 2888 ulla
1149 2847 1221 2907 pars
1253 2827 1336 2889 uitae
1421 2837 1426 2847 '

102 2941 234 2993 nostrae
264 2938 330 2991 tam
362 2929 505 2991 obnoxia
537 2938 591 2990 aut
621 2940 730 2991 tenera
760 2939 808 2992 est
836 2952 932 3012 quam
955 2953 1037 3013 quae
1061 2932 1201 2995 maxime
1223 2933 1335 3015 placet,

104 3040 242 3118 ideoque
273 3033 454 3097 felicissimis
486 3035 627 3116 optanda
658 3056 746 3098 mors
777 3046 838 3111 est,
869 3039 941 3119 quia
962 3039 992 3099 in
1016 3048 1103 3100 tanta
1127 3041 1374 3102 inconstantiam

47 3134 72 3188 2
103 3145 262 3226 turbaque
292 3162 396 3204 rerum
428 3141 502 3203 nihil
532 3143 589 3204 nisi
619 3144 707 3223 quod
737 3145 897 3224 praeteriit
928 3154 1048 3206 certum
1080 3155 1136 3208 est.
1182 3147 1250 3226 quis
1278 3146 1335 3208 tibi

105 3252 214 3332 recipit
234 3247 310 3310 illud
333 3247 386 3308 filii
406 3249 450 3309 tui
465 3247 708 3328 pulcherrimum
726 3270 841 3331 corpus
857 3259 889 3312 et
904 3271 1029 3312 summa
1046 3253 1176 3333 pudoris
1192 3254 1336 3314 custodia

107 3359 185 3419 inter
207 3356 390 3417 luxuriosae
414 3354 498 3415 urbis
522 3354 631 3416 oculos
656 3365 876 3418 conseruatum
900 3359 1040 3437 potuisse
1064 3368 1113 3420 tot
1137 3360 1268 3421 morbos
1292 3363 1336 3421 ita
1412 3426 1413 3429 Ἴ

195 3641 212 3693 2
232 3629 387 3713 diligentiam
407 3644 447 3687 aut
537 3635 553 3690 3
572 3639 607 3687 sic
626 3639 692 3688 habe
712 3644 734 3687 te
753 3638 821 3688 illum
840 3656 869 3689 ex
888 3641 992 3689 consilio
1011 3643 1147 3706 perdidisse
1160 3639 1274 3712 Mudur'q
1290 3645 1334 3709 (sic

110 3730 173 3780 habe
191 3727 314 3794 Haase):
340 3729 376 3778 sic
400 3728 494 3777 habent
518 3728 587 3776 illum
613 3728 710 3777 ulterius
736 3728 890 3793 diligentiam
916 3747 944 3778 ex
969 3731 1073 3780 consilio
1092 3733 1228 3796 perdidisse

112 3817 125 3870 6
150 3819 219 3867 annis
239 3833 308 3867 casus
327 3830 398 3868 uirus
418 3812 583 3868 deteriorum
603 3831 692 3869 corr:
719 3819 788 3865 annis
807 3819 904 3866 casibus
1007 3818 1021 3870 ῖ
1048 3826 1103 3869 eunt
1122 3822 1162 3869 uia
1180 3837 1223 3869 sua
1243 3819 1336 3873 Haase

112 3906 204 3970 (ui-sua
223 3903 332 3975 uulgo):
355 3911 411 3955 eunt
430 3910 455 3953 ut
473 3921 516 3954 sua
624 3904 762 3958 tlhabebit
782 3904 947 3958 deteriores:
971 3908 1098 3956 habebunt
1206 3910 1336 3958 adscribsit

207 3993 240 4047 10
260 3996 389 4058 accessitq;
411 3993 447 4060 (q;
469 3992 496 4045 iu
515 3994 584 4059 ras.)
689 3992 721 4046 14
741 4001 816 4058 agunt
835 3991 975 4047 Muretus:
997 3998 1075 4060 agurii
1178 3997 1210 4048 15
1230 3999 1335 4061 obrepat
1386 4041 1388 4046 .

113 4080 164 4135 uls
191 4085 322 4148 obreptant
439 4081 470 4135 16
496 4083 624 4130 infantiam
647 4079 795 4135 Gruterus:
823 4084 940 4134 infantem
1051 4085 1082 4136 li
1102 4092 1227 4149 computes

113 4171 143 4224 20
160 4174 279 4238 potuisset
297 4169 439 4255 Muretus:
460 4172 569 4235 potuisse
657 4172 686 4222 al
710 4188 783 4235 quem
804 4170 966 4225 deteriores:
988 4180 1110 4237 quemque
1195 4174 1229 4226 22
1247 4175 1334 4223 funda·

114 4264 193 4326 taeque
212 4262 259 4310 sint
278 4267 303 4309 ut
322 4257 488 4313 deteriores:
511 4260 636 4324 fundateq;
657 4268 682 4308 ut
784 4259 817 4311 23
838 4277 916 4324 neque
935 4262 983 4310 ulla
1002 4278 1059 4325 pars
1077 4276 1148 4314 uuus
1167 4260 1334 4315 deteriorum

32 4352 34 4357 ’
115 4363 194 4403 eoru:
214 4350 323 4414 nequitia
341 4364 399 4413 pars
498 4348 531 4400 25
551 4349 649 4413 ideoq*
746 4348 780 4401 27
800 4350 851 4398 illut
870 4349 891 4415 (t
910 4364 981 4403 corr.
1004 4349 1030 4401 iu
1051 4351 1078 4415 d)
1174 4349 1208 4402 28
1227 4353 1335 4415 potuisse
1378 4337 1383 4344 ¹

115 4442 146 4485 tot
163 4435 255 4490 Koch:
277 4439 394 4502 potuisset
413 4443 438 4486 ut
458 4436 507 4504 (tta
526 4435 594 4498 eod,
614 4453 669 4490 nou
687 4439 794 4505 potuisse
813 4439 848 4502 ut)

998 4556 1001 4561 .
1068 4527 1121 4580 10*
