3046 5092
160 323 201 383 72
445 344 447 347 ψ
523 317 603 359 DIAL.
619 317 656 360 IV.
685 316 1017 380 DE1RAL13.11.121.22.

157 473 302 547 apparet,
333 484 405 525 cum
437 463 588 544 quidquid
619 461 689 524 leue
720 471 751 525 et
775 464 866 524 inane
888 463 1048 526 inanimo
1064 453 1153 539 erat,
1187 465 1331 526 secunda
1353 485 1386 526 se

157 591 232 634 aura
254 569 385 632 sustulit.
423 569 552 631 felicitas
576 570 767 631 iracundiam
790 572 895 644 nutrit,
918 570 971 632 ubi
995 590 1085 632 aures
1101 570 1256 651 superbas
1273 572 1384 632 adsen-

157 687 295 740 tatorum
326 676 420 738 turba
450 677 674 738 circumstetit:
716 676 772 737 tibi
803 678 886 745 enim
909 676 960 737 ille
988 678 1198 759 respondeat?
1238 697 1305 738 non
1328 697 1385 758 pro

156 784 282 864 fastigio
305 793 336 844 te
359 791 415 844 tuo
439 783 575 843 metiris:
613 783 680 861 ipse
702 790 735 844 te
757 783 879 863 proicis,
940 792 972 845 et
994 782 1055 845 alia
1079 783 1192 865 quibus
1215 784 1272 844 uix
1293 803 1386 845 sanae

85 955 90 965 ,
129 901 188 953 set
219 891 261 952 ab
291 890 377 951 initio
408 889 492 950 bene
522 888 672 950 fundatae
704 898 827 964 mentes
857 890 1034 952 restiterint.
1080 889 1177 971 longe
1207 890 1316 971 itaque
1346 887 1384 950 ab

155 997 375 1059 adsentatione
403 995 535 1076 pueritia
563 996 759 1056 remouenda
782 1004 839 1057 est.
884 997 992 1058 audiat
1014 1017 1124 1058 uerum
1148 1006 1181 1059 et
1204 997 1318 1059 timeat
1341 998 1383 1056 in-

155 1104 256 1177 terim,
280 1111 425 1163 uereatur
448 1122 582 1184 semper.
622 1102 792 1163 maioribus
815 1104 974 1182 adsurgat.
1013 1101 1088 1164 nihil
1110 1122 1168 1185 per
1190 1103 1384 1165 iracundiam

155 1218 278 1270 exoret.
323 1208 412 1289 quod
434 1207 522 1270 flenti
551 1216 703 1288 negatum
735 1207 833 1283 fuerit,
861 1209 969 1291 quieto
1001 1209 1158 1271 offeratur.
1205 1219 1237 1272 et
1263 1211 1384 1272 diuitias

156 1316 332 1398 parentium
369 1315 400 1375 in
438 1323 612 1394 conspectu
642 1312 771 1388 habeat,
802 1335 867 1376 non
897 1315 929 1375 in
959 1335 1026 1378 usu.
1079 1317 1316 1396 exprobrentur
1345 1315 1383 1376 illi

114 1444 141 1484 ro
155 1441 322 1503 perperam
355 1419 445 1483 facta.
491 1420 660 1502 pertinebit
691 1421 733 1481 ad
764 1440 832 1482 rem
864 1430 1087 1502 praeceptores
1110 1424 1383 1504 paedagogosque

155 1528 258 1608 pueris
281 1526 423 1608 placidos
447 1527 521 1588 dari.
568 1528 722 1607 proximis
745 1526 921 1607 adplicatur
944 1548 1040 1588 omne
1062 1529 1150 1610 quod
1174 1537 1321 1590 tenerum
1337 1538 1383 1591 est

155 1641 188 1696 et
225 1634 257 1694 in
290 1653 400 1695 eorum
431 1632 665 1695 similitudinem
697 1633 815 1695 crescit.
869 1634 1023 1695 nutricum
1055 1643 1088 1695 et
1117 1635 1382 1716 paedagogorum

154 1738 303 1803 rettulere
326 1760 406 1801 mox
429 1738 677 1801 adulescentium
701 1759 815 1800 mores.
854 1741 939 1820 apud
955 1739 1121 1802 Platonem
1138 1741 1293 1803 educatus
1308 1761 1384 1822 puer

155 1866 227 1908 cum
251 1841 293 1909 ad
316 1854 464 1928 parentes
494 1844 611 1907 relatus
638 1845 863 1907 uociferantem
887 1847 1009 1909 uideret
1032 1854 1169 1926 patrem,
1201 1867 1382 1928 numquam,

118 1974 140 2015 15
155 1953 266 2032 inquit,
298 1951 361 2014 hoc
376 1954 476 2034 ‚apud
499 1951 667 2014 Platonem
697 1952 768 2013 uidi.
814 1972 878 2013 non
906 1952 1018 2014 dubito
1041 1953 1115 2032 quin
1139 1953 1228 2013 citius
1260 1962 1382 2032 patrem

155 2059 294 2121 imitatus
322 2058 361 2120 sit
384 2079 480 2140 quam
504 2058 678 2119 Platonem.
725 2057 826 2119 tenuis
849 2066 924 2119 ante
946 2059 1054 2119 omnia
1076 2059 1176 2120 uictus
1199 2057 1246 2118 sit
1266 2068 1300 2120 et
1315 2065 1384 2120 'non

154 2164 294 2245 pretiosa
317 2166 412 2225 uestis
436 2174 468 2225 et
490 2162 596 2226 similis
620 2162 720 2226 cultus
745 2183 817 2225 cum
840 2164 1042 2244 aequalibus:
1077 2185 1143 2226 non
1158 2164 1310 2226 irascetur
1333 2164 1383 2226 ali-

155 2286 252 2352 quem
275 2270 334 2330 sibi
358 2271 522 2351 conparari
545 2290 640 2351 quem
665 2270 706 2331 ab
728 2270 816 2331 initio
841 2269 945 2331 multis
968 2289 1079 2349 parem
1102 2269 1221 2332 feceris,

245 2358 348 2437 XXII.
372 2375 438 2438 Sed
461 2376 540 2438 haec
563 2376 603 2437 ad
618 2374 734 2437 liberos
749 2384 876 2437 nostros
891 2377 1068 2456 pertinent:
1094 2377 1124 2437 in
1140 2375 1234 2438 nobis
1257 2377 1384 2458 quidem

116 2503 142 2544 20
156 2501 226 2543 sors
249 2482 398 2543 nascendi
422 2490 454 2544 et
477 2483 622 2544 educatio
646 2502 704 2544 nec
727 2482 791 2543 uitii
814 2481 920 2543 locum
937 2501 996 2543 nec
1018 2483 1081 2543 iam
1101 2483 1265 2563 praecepti
1280 2481 1383 2545 habet.

156 2590 319 2669 sequentia
349 2589 525 2650 ordinanda
556 2597 635 2649 sunt.
682 2597 792 2649 contra
824 2589 941 2668 primas
972 2589 1077 2669 itaque
1109 2607 1221 2650 causas
1243 2607 1384 2670 pugnare

157 2694 330 2757 debemus:
372 2715 466 2757 causa
495 2704 601 2757 autem
632 2694 810 2756 iracundiae
841 2694 948 2774 opinio
978 2694 1105 2755 iniuriae
1137 2702 1204 2767 est;
1248 2695 1298 2756 cui
1321 2715 1383 2756 non

156 2800 246 2863 facile
277 2802 471 2863 credendum
511 2809 567 2862 est.
613 2820 654 2861 ne
684 2800 798 2881 apertis
836 2800 966 2882 quidem
1004 2799 1239 2880 manifestisque
1278 2801 1383 2862 statim

157 2908 383 2969 accedendum.
428 2907 585 2989 quaedam
617 2907 699 2978 enim
730 2905 808 2967 falsa
831 2907 896 2968 ueri
925 2908 1064 2987 speciem
1088 2909 1198 2968 ferunt.
1244 2906 1383 2969 dandum

117 3034 283 3094 :asemper
306 3022 354 3075 est
376 3022 522 3096 tempus:
558 3014 723 3074 ueritatem
755 3014 822 3074 dies
852 3013 961 3093 aperit.
1006 3032 1047 3073 ne
1077 3013 1138 3073 sint
1168 3021 1261 3074 aures
1285 3014 1383 3075 crimi-

60 3167 64 3176 .
157 3121 303 3182 nantibus
325 3120 449 3182 faciles:
491 3120 554 3182 hoc
581 3119 739 3180 humanae
768 3128 898 3181 naturae
920 3120 1029 3181 uitium
1053 3129 1234 3200 suspectum
1258 3129 1383 3181 notum-

156 3247 219 3308 que
234 3225 327 3287 nobis
350 3228 398 3302 sit,
421 3228 508 3309 quod
524 3247 605 3308 quae
627 3226 713 3287 inuiti
730 3225 884 3298 audimus,
907 3223 1040 3286 libenter
1061 3225 1218 3286 credimus
1242 3233 1275 3286 et
1297 3237 1383 3287 ante-

157 3351 253 3411 quam
269 3333 450 3407 iudicemus,
469 3333 637 3394 irascimur.
669 3333 753 3413 quid,
777 3331 866 3413 quod
889 3351 954 3391 non
969 3326 1235 3392 criminationibus
1251 3339 1382 3406 tantum,

156 3437 214 3498 sed
244 3438 475 3517 suspicionibus
505 3437 680 3519 inpellimur
718 3445 751 3499 et
788 3449 831 3497 ex
861 3435 950 3498 uoltu
982 3437 1107 3518 risuque
1144 3435 1247 3498 alieno
1278 3439 1385 3519 peiora

118 3562 143 3602 30
157 3544 352 3623 interpretati
382 3545 600 3606 innocentibus
630 3544 811 3606 irascimur?
843 3543 950 3624 itaque
981 3543 1106 3622 agenda
1137 3551 1187 3603 est
1217 3552 1330 3605 contra
1352 3562 1385 3605 se

157 3669 251 3710 causa
281 3650 420 3710 absentis
451 3659 483 3711 et
512 3650 544 3712 in
575 3670 729 3730 suspenso
753 3650 797 3711 ira
824 3626 997 3711 retinenda.
1042 3655 1150 3732 potest
1173 3649 1257 3710 enim
1281 3669 1385 3730 poena

157 3754 254 3816 dilata
276 3756 369 3836 exigi,
393 3776 457 3817 non
480 3764 588 3839 potest
611 3764 725 3818 exacta
748 3755 897 3817 reuocari.

159 4019 171 4070 1
194 4020 312 4085 quidquid
331 4018 422 4090 (prior
440 4020 456 4067 d
475 4018 558 4086 corr.)
637 4020 732 4070 secuda
752 4019 814 4085 (uda
833 4018 861 4071 in
880 4020 949 4085 ras.)
1034 4018 1050 4070 2
1070 4025 1247 4068 assentatorum
1267 4017 1384 4088 (priors

161 4109 243 4174 corr.)
317 4108 332 4159 5
353 4108 481 4158 restiterint
500 4104 640 4161 Muretus:
661 4110 795 4157 restiterunt
869 4107 884 4159 6
905 4108 1068 4157 assentatione
1087 4105 1180 4175 (prior
1198 4123 1209 4156 s
1228 4109 1315 4172 corr.)

160 4231 175 4283 7
195 4189 299 4297 adsurgat
319 4232 342 4298 (r
360 4247 394 4283 m.
410 4232 466 4301 pr.)
545 4232 577 4284 11
597 4233 735 4297 applicatur
754 4231 843 4302 (prior
860 4249 877 4297 p
896 4234 980 4293 corr.)
1060 4229 1092 4282 13
1112 4230 1224 4280 rettulere
1243 4231 1340 4298 (totum
1358 4231 1385 4284 in

161 4319 228 4384 ras.)
302 4322 494 4370 adulescentium
512 4319 622 4387 Haupt:
643 4321 838 4370 inadolescentiai
858 4322 884 4384 (ο
904 4319 988 4385 corr.)
1062 4317 1095 4370 16
1114 4320 1144 4367 sit
1163 4315 1274 4371 addidit
1292 4313 1386 4373 Haase

248 4407 282 4460 24
302 4410 451 4461 adcedendu
541 4410 604 4458 falsa
622 4410 672 4457 ueri
692 4409 728 4474 (sa
747 4409 797 4457 ueri
816 4407 844 4461 in
862 4407 929 4475 ras.)
1021 4405 1055 4458 27
1074 4407 1172 4470 quodq;
1267 4408 1301 4461 31
1322 4424 1386 4474 pena
