3046 5092
249 330 309 391 140
463 282 542 366 mab.
558 323 596 365 vr.
624 322 667 362 nn
682 321 824 363 Minoum
840 322 880 363 nn
894 320 1137 364 CONSOLATIONE.
1168 321 1201 364 rr.
1218 324 1249 365 rs.
1327 302 1334 353 f

244 472 307 533 sius
329 469 389 532 illic
411 479 572 550 tyrannus
596 468 756 542 libertatis
780 469 927 543 iustitiae,
950 468 1057 548 legum
1082 469 1222 542 exitium,
1246 468 1477 530 dominationis

245 578 378 658 cupidus
399 578 494 640 etiam
518 585 592 658 post
608 575 782 650 Platonem,
806 576 889 638 uitae
913 576 1007 637 etiam
1031 583 1106 656 post
1129 575 1272 637 exilium:
1299 572 1378 637 alios
1396 583 1477 648 uret,

245 683 322 745 alios
360 683 556 757 uerberabit,
596 683 672 744 alios
709 683 752 743 ob
789 681 893 743 leuem
934 681 1087 744 offensam
1128 681 1305 743 detruncari
1344 679 1478 754 iubebit,

245 801 385 853 accerset
420 792 462 853 ad
497 790 656 852 libidinem
689 809 792 850 mares
823 787 1016 869 feminasque
1049 799 1081 850 et
1111 791 1191 849 inter
1221 786 1335 849 foedos
1367 787 1479 867 regiae

219 898 504 985 sihtemperantiae
535 916 648 977 greges
678 916 790 977 parum
822 896 879 957 erit
903 894 993 957 simul
1017 895 1098 956 binis
1121 896 1213 956 coire.
1259 894 1375 984 audisti
1398 893 1478 974 quid

245 1015 278 1066 te
300 1004 431 1071 inuitare
453 1004 561 1084 possit,
584 1003 660 1083 quid
683 1003 876 1064 absterrere:
907 1003 1040 1082 proinde
1064 1011 1117 1063 aut
1141 1003 1253 1082 nauiga
1277 1010 1332 1063 aut
1355 1002 1479 1063 resiste.

246 1121 320 1190 post
350 1109 432 1172 hanc
462 1110 733 1171 denuntiationem
764 1110 789 1169 si
819 1109 889 1188 quis
921 1108 1053 1170 dixisset
1089 1109 1203 1169 Intrare
1232 1128 1267 1170 se
1298 1106 1514 1187 Syracusas6

247 1215 342 1291 uelle,
373 1217 488 1278 satisne
520 1217 632 1278 iustam
665 1214 836 1296 querellam
861 1216 902 1276 de
925 1214 988 1276 ullo
1011 1214 1068 1276 nisi
1092 1216 1132 1276 de
1156 1234 1189 1275 se
1213 1213 1331 1277 habere
1354 1222 1479 1296 posset,

224 1324 298 1403 qui
329 1343 394 1384 non
425 1322 583 1384 incidisset
613 1323 644 1382 in
675 1321 740 1395 illa,
773 1323 830 1383 sed
859 1322 997 1402 prudens
1020 1321 1183 1401 sciensque
1207 1322 1365 1383 uenisset?
1400 1321 1478 1383 dicit

209 1429 395 1491 nomnibus
424 1429 517 1490 nobis
547 1436 677 1490 natura:
711 1429 869 1490 neminem
901 1428 1032 1509 decipio
1079 1429 1168 1497 tusi
1202 1427 1281 1490 filios
1304 1427 1478 1502 sustuleris

246 1536 364 1617 poteris
388 1534 506 1597 habere
528 1535 703 1609 formosos,
735 1544 767 1596 et
791 1534 949 1596 deformes
972 1536 1099 1615 poteris.
1145 1533 1278 1598 sortasse
1302 1535 1382 1597 muti
1406 1554 1476 1596 nas-

247 1651 363 1704 centur.
410 1663 479 1704 esse
509 1641 617 1722 aliquis
649 1653 691 1703 ex
722 1641 778 1703 illis
809 1651 874 1704 tam
903 1651 1045 1737 seruator
1068 1644 1187 1723 patriae
1210 1623 1306 1723 quam
1329 1642 1478 1724 proditor

246 1749 369 1829 poterit.
402 1768 466 1810 non
490 1734 650 1829 estquod
674 1749 823 1830 desperes
846 1756 954 1810 tantae
970 1749 1159 1829 dignationis
1174 1747 1303 1822 futuros
1328 1756 1364 1810 ut
1379 1768 1476 1810 nemo
1495 1753 1509 1804 ῖ

246 1856 303 1917 tibi
332 1866 464 1937 propter
494 1854 563 1916 illos
594 1854 783 1916 maledicere
813 1855 947 1917 audeat:
987 1875 1132 1935 propone
1162 1863 1270 1916 tamen
1303 1863 1336 1916 et
1368 1863 1477 1916 tantae

210 1977 232 2016 ¹⁵
248 1962 367 2024 futuros
398 1962 611 2044 turpitudinis,
644 1970 677 2022 ut
709 1962 765 2041 ipsi
796 1961 965 2023 maledicta
995 1962 1063 2023 sint.
1110 1961 1183 2022 nihil
1215 1969 1302 2024 uetat
1325 1960 1398 2024 illos
1421 1960 1476 2024 tibi

247 2088 395 2149 suprema
424 2078 585 2148 praestare
616 2077 648 2129 et
679 2067 797 2130 laudari
828 2076 860 2129 te
891 2088 909 2129 a
940 2067 1044 2129 liberis
1075 2069 1154 2130 tuis:
1188 2069 1245 2130 sed
1274 2070 1319 2131 sic
1342 2077 1377 2130 te
1401 2089 1476 2149 para

248 2183 411 2254 tamquam
434 2175 464 2235 in
488 2177 594 2254 ignem
618 2175 807 2254 inpositurus
830 2173 880 2235 uel
903 2194 1036 2255 puerum
1060 2173 1111 2236 uel
1127 2176 1271 2237 iuuenem
1290 2174 1341 2237 uel
1356 2195 1475 2238 senem.

224 2294 227 2299 '
248 2280 323 2342 nihil
353 2281 436 2343 enim
468 2281 600 2342 adrem
624 2282 780 2362 pertinent
803 2283 892 2356 anni,
922 2282 1071 2362 quoniam
1095 2281 1213 2344 nullum
1237 2302 1301 2344 non
1325 2283 1477 2345 acerbum

249 2387 339 2448 sunus
371 2397 435 2461 est,
466 2389 553 2468 quod
583 2408 697 2470 parens
728 2389 875 2468 sequitur.
921 2398 995 2470 post
1025 2387 1082 2450 has
1113 2388 1201 2470 leges
1223 2391 1423 2470 propositas,
1453 2391 1477 2451 si

193 2495 234 2546 ‘2⁰
249 2493 365 2564 liberos
395 2493 494 2568 tollis,
526 2495 611 2554 omni
643 2495 722 2556 deos
753 2495 869 2575 inuidia
891 2494 1020 2570 liberas,
1050 2497 1103 2576 qui
1125 2495 1181 2557 tibi
1204 2494 1279 2557 nihil
1303 2496 1382 2559 certi
1405 2516 1476 2578 spo-

216 2619 219 2623 ·
249 2601 437 2682 ponderunt.

337 2707 453 2769 XVIII.
500 2707 557 2769 Ad
588 2707 669 2796 hanc
701 2708 871 2788 imaginem
902 2708 1041 2789 agedum
1074 2709 1170 2770 totius
1202 2709 1284 2770 uitae
1315 2709 1477 2772 introitum
1494 2715 1522 2766 l.

249 2812 335 2876 refer.
383 2833 423 2874 an
454 2813 627 2894 Syracusas
666 2815 782 2876 uiseres
820 2813 1005 2877 deliberanti
1035 2816 1091 2876 tibi
1128 2815 1290 2896 quidquid.
1319 2815 1478 2887 delectare

249 2927 383 3000 poterat,
407 2920 559 3000 quidquid
583 2918 755 2994 offendere,
780 2920 922 3001 exposui.
961 2906 1038 3000 puta
1061 2921 1200 2982 nascenti
1223 2941 1276 2983 me
1297 2921 1356 2984 tibi
1372 2923 1478 2984 uenire

209 3040 235 3078 25
250 3028 280 3087 in
311 3025 491 3087 consilium:
526 3027 694 3088 intraturus
725 3047 759 3087 es
790 3026 901 3087 urbem
926 3028 974 3088 dis
997 3026 1239 3109 hominibusque
1263 3048 1478 3104 communem,

250 3135 356 3194 omnia
376 3132 576 3214 conplexam,
600 3134 692 3195 certis
708 3133 830 3214 legibus
847 3135 1044 3214 aeternisque
1060 3135 1249 3210 deuinctam,
1271 3135 1480 3218 indefatigata

253 3355 263 3405 l
286 3356 393 3403 tirannus
495 3353 670 3405 3uerberabit
689 3330 786 3424 uulgo:
808 3357 945 3405 uerberauit
1042 3354 1149 3420 lledos
1217 3359 1328 3422 *regiae
1347 3350 1373 3432 {t
1392 3360 1479 3409 intem·

250 3430 448 3517 perantieheges
467 3449 527 3505 cod.
547 3469 634 3518 greges
654 3449 804 3506 deteriores
894 3452 980 3517 bquit
999 3453 1019 3520 (t
1038 3453 1066 3505 io
1086 3454 1102 3502 d
1121 3448 1205 3521 corr.)
1298 3454 1481 3522 Tsyrachusas

354 3539 472 3606 8posset
492 3539 595 3612 Neap.:
622 3543 699 3606 possit
790 3541 950 3594 {incidisset
968 3539 1025 3594 Εἲς
1047 3543 1122 3592 incidi
1214 3543 1245 3595 11
1265 3546 1327 3595 muti
1345 3541 1479 3617 Madtdg:

251 3628 319 3679 multi
428 3627 461 3681 II)
486 3631 534 3679 siut
558 3628 721 3683 deteriores:
748 3631 779 3679 sit
888 3630 918 3682 1ss
944 3646 1057 3697 suprema
1160 3637 1284 3697 praestare
1309 3630 1480 3690 detettbres:

250 3719 353 3783 prestari
438 3717 471 3771 17
491 3721 515 3768 in
534 3721 616 3785 ignem
637 3717 800 3773 deteriores:
821 3720 905 3784 inigne
924 3717 983 3774 cod.
1003 3719 1041 3788 cf.
1061 3718 1095 3774 de
1113 3718 1157 3774 ἱνα
1177 3724 1202 3784 3,
1223 3723 1300 3784 23,6
1388 3725 1482 3791 inposi-

250 3849 316 3892 turus
334 3840 483 3896 Erasmus:
504 3845 639 3910 inpositura
731 3842 763 3896 18
782 3844 858 3894 nichil
944 3846 1039 3910 minent
1052 3807 1103 3848 anui
1195 3845 1228 3899 19
1248 3854 1307 3896 ests
1326 3849 1398 3912 qnod

250 3929 285 3984 20
304 3933 380 3981 nichil
435 3942 437 3949 ·
469 3937 554 3986 totum
575 3931 650 3985 Iunc
673 3931 760 3985 locum
779 3931 878 3986 indeo
903 3935 963 3984 dicit
981 3936 1095 3985 omnibus
1113 3936 1187 3986 nobis
1204 3943 1291 3985 natura
1309 3951 1336 3991 u.
1358 3938 1376 3989 9
1396 3953 1483 4008 usquc

209 4012 211 4019 ’
250 4017 290 4072 ad
312 4023 496 4086 spoponderunt
521 4025 552 4074 21
578 4019 631 4074 huc
654 4037 708 4075 non
729 4021 869 4091 pertanere
886 4022 959 4076 uidit
976 4020 1090 4093 Maduiq
1181 4023 1214 4078 23
1233 4025 1304 4078 refer.
1324 4041 1357 4075 an
1380 4024 1480 4081 Gertz:

251 4109 371 4159 refertam
397 4109 500 4179 (Itaque
523 4108 584 4167 cod.
603 4126 658 4163 non
682 4108 762 4164 habel
786 4111 931 4175 reiertanus,
957 4109 1008 4166 sed
1030 4112 1150 4163 referiunt
1177 4113 1283 4184 signum
1299 4121 1366 4184 post
1391 4122 1483 4170 anesi

250 4197 308 4252 stne
327 4196 409 4252 (lubio
422 4199 611 4270 Interponam,
632 4215 692 4253 cum
704 4197 773 4254 Itali
788 4198 866 4270 opud
876 4198 1033 4255 Fickertum
1049 4200 1126 4270 salso
1144 4200 1274 4272 legerint:
1295 4201 1375 4273 quod
1385 4208 1428 4259 est
1442 4205 1481 4272 us)

352 4339 385 4392 25
411 4359 437 4392 es
462 4344 547 4393 urbem
568 4341 730 4397 deteriores:
752 4350 787 4392 est
806 4345 866 4393 urbe
968 4344 1007 4393 dis
1032 4345 1223 4410 hominibusque
1247 4343 1416 4400 deteriores:
1444 4306 1481 4398 dis

252 4428 391 4492 hqminibus
