3046 5092
570 945 601 1010 u
624 944 766 1012 inum
789 944 955 1011 senune

368 1092 808 1190 DIALOGORVM
850 1091 1046 1188 LIBER
1084 1093 1162 1227 Ν.

645 1300 694 1348 AD
713 1296 887 1351 NOVATVM

705 1439 745 1493 DE
765 1439 821 1493 lin

686 1584 787 1632 LIBER
811 1584 844 1636 ΙΙ.

687 1728 845 1736 ----

242 1856 265 1917 I.
308 1855 428 1916 Primus
450 1853 537 1928 liber,
560 1850 696 1927 Nouate,
719 1850 937 1931 benigniorem
952 1851 1061 1913 habuit
1076 1856 1251 1917 materiam.
1283 1852 1380 1916 facilis

156 1964 238 2025 enim
276 1963 306 2023 in
344 1961 474 2042 procliui
501 1958 716 2023 uehiculorum
755 1958 903 2020 decursus
942 1968 998 2022 est.
1044 1981 1127 2023 nunc
1164 1963 1226 2024 ad*
1247 1961 1381 2025 exiliora

156 2069 343 2155 ueniendum
367 2077 423 2128 est.
469 2067 646 2148 quaerimus
678 2065 761 2127 enirn
792 2065 838 2127 ira
860 2075 965 2127 utrum
993 2067 1107 2145 iudicio
1136 2089 1177 2130 an
1200 2069 1311 2152 inpetu
1334 2071 1378 2131 in-

156 2176 263 2257 cipiat,
301 2175 333 2236 id
365 2181 412 2234 est
448 2182 551 2234 utrum
582 2172 659 2254 [sua]
693 2182 808 2254 sponte
839 2180 1005 2234 moueatur
1033 2194 1074 2235 an
1105 2175 1381 2257 quemadmodum

128 2281 312 2366 spinaque,
343 2300 424 2360 quae
452 2281 532 2341 intra
562 2300 621 2340 nos
648 2280 750 2342 insciis
781 2278 873 2340 nobis
896 2272 1062 2340 oriuntur(
1091 2280 1188 2342 debet
1216 2290 1326 2344 autem
1349 2283 1380 2344 in

153 2387 232 2449 haec
248 2406 283 2448 se
298 2387 465 2449 demittere
487 2386 666 2468 disputatio,
690 2393 724 2447 ut
746 2386 788 2446 ad
808 2384 861 2446 illa
876 2406 1003 2468 quoque
1025 2385 1137 2448 altiora
1159 2387 1261 2469 possit
1285 2408 1379 2450 exur-

154 2514 238 2575 gere.
288 2513 362 2555 nam
387 2494 472 2555 etin
496 2512 637 2575 corpore·
652 2502 762 2555 nostro
786 2512 859 2554 ossa
881 2493 1030 2573 neruique
1053 2501 1085 2554 et
1108 2478 1257 2569 articulis
1273 2493 1379 2558 firma-

154 2608 261 2662 menta
283 2600 380 2661 totius
415 2607 447 2661 et
477 2598 594 2675 uitalia,
625 2599 753 2661 minime
775 2600 920 2679 speciosa
949 2599 1029 2674 uisu,
1060 2599 1144 2681 prius
1176 2599 1377 2677 ordinantur;

154 2708 270 2770 deinde
292 2706 379 2781 haec,
404 2727 445 2767 ex
469 2705 581 2788 quibus
605 2707 707 2768 omnis
731 2706 762 2766 in
784 2703 896 2767 faciem
917 2706 1165 2786 adspectumque
1189 2707 1288 2769 decor
1312 2717 1377 2783 est;

116 2838 141 2879 ro
154 2822 228 2894 post
252 2813 465 2887 haecomnia,
488 2814 541 2894 qui
557 2813 696 2874 maxime
720 2810 829 2873 oculos
852 2813 942 2893 rapit,
968 2810 1064 2886 color,
1088 2811 1214 2874 ultimus
1236 2813 1381 2895 perfecto

153 2920 216 2981 iam
240 2939 373 3003 corpore
397 2918 584 2981 adfunditur.
630 2922 708 2980 iram
728 2919 802 2999 quin
825 2919 945 2999 species
962 2917 1070 2978 oblata
1092 2919 1218 2980 iniuriae
1240 2929 1380 2996 moueat,

154 3046 219 3088 non
244 3035 292 3088 cst
316 3026 463 3088 dubium:
491 3026 548 3088 sed
572 3033 675 3086 utrum
699 3025 837 3105 speciem
868 3025 936 3105 ipsa
957 3025 1063 3085 statim
1088 3036 1235 3104 sequatur
1258 3033 1291 3086 et
1315 3047 1380 3088 non

154 3133 325 3194 accedente
341 3133 447 3193 animo
472 3140 627 3206 excurrat,
650 3152 690 3192 an
713 3130 766 3192 illo
790 3130 986 3192 adsentiente
1003 3140 1168 3191 moueatur
1191 3133 1380 3212 quaerimus,

155 3237 247 3300 nobis
273 3237 378 3319 placet
408 3236 482 3299 nihii
512 3235 596 3298 iiiam
629 3257 686 3318 per
716 3256 750 3298 se
781 3237 912 3311 audere,
944 3237 1002 3297 sed
1034 3237 1138 3298 animo
1170 3236 1380 3317 adprobante.

118 3369 143 3410 n
156 3363 231 3405 nam
254 3343 392 3424 speciem
409 3362 522 3425 capere
538 3351 689 3425 acceptae
712 3342 839 3404 iniuriae
861 3351 894 3404 et
909 3341 1061 3404 ultionem
1077 3341 1141 3403 eius
1158 3343 1380 3441 concupiscere

156 3458 188 3513 et
213 3458 379 3531 utrumque
395 3450 594 3530 coniungere,
618 3468 676 3510 nec
692 3447 786 3510 iaedi*
797 3468 831 3510 se
855 3449 1002 3510 debuisse
1025 3459 1058 3510 et
1081 3449 1230 3510 uindicari
1253 3449 1379 3526 debere,

156 3563 293 3617 nonest
325 3556 389 3617 cius
417 3556 556 3637 inpetum
587 3555 640 3636 qui
670 3554 737 3617 sine
768 3553 931 3617 uoluntate
962 3563 1071 3616 nostra
1101 3555 1285 3618 concitatur.
1331 3555 1381 3618 ilie

155 3661 291 3743 simplex
315 3669 379 3724 est:
406 3660 456 3724 hic
479 3662 662 3744 conpositus
690 3672 722 3724 et
744 3661 834 3743 plura
861 3662 1032 3723 continens.
1078 3659 1239 3722 intellexit.
1254 3660 1381 3743 aliquid,

157 3805 368 3813 ..ι-...-

246 3907 261 3959 ‘2
275 3909 299 3957 in
313 3907 416 3973 procliui
428 3908 595 3959 uehiculorum
610 3905 698 3961 k'eelt:
714 3907 834 3973 iupcliuiu
846 3907 930 3964 uitiott
944 3904 1003 3960 eod.
1019 3902 1097 3972 Cons.
1111 3902 1234 3959 Senecae
1245 3913 1384 3977 excerpta

157 4002 279 4052 centron.
299 3993 342 4049 lib.
357 3992 506 4065 Illpraes.
521 3999 537 4047 ii
557 3998 581 4047 iu
595 3997 704 4063 procliue
722 3996 853 4047 nitentibus
866 3996 983 4045 uehiculis
995 4001 1131 4044 moraturas
1144 4011 1229 4044 manus
1241 3996 1312 4045 inicit

157 4086 235 4138 isne
254 4082 358 4138 ittduet'i
378 4082 459 4138 Gertz
540 4088 555 4136 ti
575 4085 697 4135 dimittere
721 4083 739 4151 (i
759 4083 784 4137 tit
805 4101 818 4135 e
836 4087 920 4144 corr.)
999 4083 1110 4148 sspossit
1129 4081 1206 4136 dett:
1227 4090 1312 4148 posset
1389 4084 1393 4093 '

158 4175 174 4227 9
194 4181 344 4240 aspectuque
363 4175 435 4243 (post
454 4190 469 4223 u
487 4172 554 4241 rae.)
628 4173 659 4227 il
680 4174 810 4225 effunditur
828 4171 918 4243 [prior
936 4172 948 4221 f
964 4188 979 4226 e
997 4172 1081 4238 corr.)
1155 4170 1188 4223 12
1206 4172 1261 4236 ipsa
1284 4170 1383 4227 Gertz:

157 4264 213 4328 ipsit
287 4263 318 4314 tn
339 4263 484 4313 assentiente
502 4261 592 4333 (prior
610 4280 620 4311 n
639 4277 654 4317 σ
673 4260 755 4327 cerr.)
830 4259 861 4313 rt
883 4261 1037 4326 approbante
1055 4260 1173 4332 (priorp
1192 4275 1207 4312 e
1225 4263 1312 4325 corr.)

160 4349 192 4402 16
211 4367 256 4401 nec
275 4351 323 4401 ledi
342 4366 368 4401 se
387 4348 425 4417 (tit
443 4351 511 4415 ras.)
587 4350 617 4404 17
637 4351 740 4417 impetus
