3046 5092
432 338 511 381 DlAL.
522 338 581 384 v111.
608 338 650 379 AD
666 336 808 379 SERENVM
822 338 863 378 DE
877 336 958 381 OTIO.
985 342 1005 382 5.
1021 339 1040 381 8.
1287 343 1348 406 189

120 493 229 548 seruet
262 494 294 548 et
326 505 424 566 usque
454 486 486 546 in
517 481 660 547 ultimum
684 485 797 547 aetatis
827 483 983 546 humanae
1006 485 1174 545 terminum
1196 484 1351 566 procedat

119 613 182 654 nec
205 593 375 673 quicquam
398 590 439 653 illi
462 612 505 652 ex
528 611 576 666 e0,
599 591 687 672 quod
711 600 824 653 natura
839 592 1008 666 constituit,
1032 589 1162 654 fortuna.
1172 593 1346 656 concutiat:

82 710 99 764 8
118 706 232 760 tamen
254 696 354 759 homo
377 697 419 759 ad
442 695 654 759 inmortalium
679 699 892 778 cognitionem
916 698 1005 758 nimis
1028 695 1168 759 mortalis
1184 706 1240 759 est.
1271 718 1349 778 ergo

31 789 35 795 ’
119 804 298 867 secundum
321 813 466 866 naturam
490 806 579 878 uiu0,
608 806 633 866 si
655 812 759 866 totum
784 824 836 866 me
859 801 899 865 illi
922 803 1005 877 dedi,
1029 805 1057 865 si·
1076 802 1154 865 illius
1177 804 1350 866 admirator

119 909 287 992 cultorque
310 931 390 973 sum.
420 919 532 973 natura
555 919 661 973 autem
685 919 853 992 utrumque
875 908 978 972 facere
1002 930 1054 970 me
1076 909 1183 986 uoluit,
1207 919 1239 972 et
1255 928 1375 991 ageres

119 1025 153 1079 et
184 1015 446 1100 contemplationi
476 1037 597 1079 uacare.
643 1025 812 1099 utrumque
842 1016 938 1092 facio,
969 1019 1119 1098 quoniam
1143 1038 1183 1078 ne
1206 1025 1347 1080 contem-

117 1121 221 1204 platio
245 1125 374 1204 quidem
397 1126 464 1186 sine
487 1126 611 1187 actione
633 1133 691 1197 est.

80 1244 95 1294 1
210 1231 266 1292 VI.
313 1229 379 1293 Sed
402 1229 512 1305 refert,
548 1233 664 1311 inquis,
697 1251 738 1293 an
761 1231 802 1292 ad
826 1228 909 1292 illam
932 1228 1221 1312 uoluptatis'causa
1244 1251 1347 1293 acces-

117 1338 195 1398 serit
226 1335 302 1398 nihil
333 1335 416 1399 aliud
448 1357 489 1399 ex
521 1335 573 1398 illa
595 1345 707 1418 petens
738 1357 834 1417 quam
858 1337 1024 1398 adsiduam
1048 1334 1348 1418 contemplationem

116 1444 187 1505 sine
218 1444 314 1506 exitu.
360 1452 409 1506 est
440 1446 523 1505 enim
556 1442 655 1505 dulcis
683 1453 716 1506 et
738 1442 836 1505 habet
858 1442 1031 1505 inlecebras
1062 1463 1142 1505 suas.
1197 1444 1348 1506 aduersus
1365 1458 1389 1498 10

115 1549 182 1612 hoc
208 1549 264 1612 tibi
287 1551 486 1632 respondeo:
512 1570 614 1631 aeque
636 1547 748 1624 refert,
779 1570 844 1631 quo
867 1551 973 1611 animo
997 1549 1118 1612 ciuilem
1142 1570 1219 1631 agas
1242 1551 1348 1626 uitam,

115 1676 157 1717 an
189 1677 317 1739 semper
347 1657 501 1737 inquietus
531 1657 573 1718 sis
603 1676 661 1718 nec
685 1676 836 1736 umquam
859 1677 965 1718 sumas
990 1655 1086 1718 ullum
1110 1665 1252 1737 tempus,
1283 1678 1347 1738 quo

78 1778 96 1830 2
117 1762 160 1824 ab
192 1762 338 1825 humanis
366 1763 407 1824 ad
431 1760 536 1824 diuina
559 1762 714 1844 respicias.
758 1763 924 1845 quomodo
948 1783 998 1824 res
1021 1763 1171 1844 adpetere
1194 1763 1260 1826 sine
1283 1762 1347 1825 ullo

116 1870 269 1932 uirtutum
293 1889 402 1931 amore
426 1877 458 1930 et
481 1872 546 1930 sine
569 1869 654 1931 cultu
677 1870 781 1950 ingeni
805 1890 842 1931 ac
863 1871 964 1932 nudas
979 1870 1074 1931 edere
1090 1890 1203 1952 operas
1219 1870 1348 1932 minime

115 1974 286 2058 probabile
316 1983 380 2051 est,
412 1976 533 2038 misceri
563 1977 645 2037 enim
677 1977 741 2052 ista
766 1977 846 2038 inter
877 1997 911 2038 se
943 1984 975 2041 et
998 1977 1118 2039 conseri
1142 1961 1276 2039 debent:
1303 1977 1387 2039 sicu

115 2081 324 2164 inperfectum
357 2103 394 2144 ac
424 2081 607 2163 languidum
630 2082 752 2144 bonum
777 2091 825 2145 est
848 2084 878 2144 in
901 2084 1001 2145 otium
1024 2084 1090 2145 s'me
1112 2092 1184 2146 actu
1207 2084 1348 2165 proiecta

78 2189 232 2266 3uirtuS‚
263 2209 436 2270 numquam
467 2190 516 2264 id,
548 2190 634 2270 quod
659 2190 794 2265 didicit,
809 2191 988 2252 ostendens
1036 2193 1104 2271 quis
1135 2199 1232 2270 negat
1262 2189 1346 2252 illam

115 2296 237 2359 debere
260 2294 420 2378 profectus
443 2315 517 2357 suos
540 2296 570 2356 in
594 2315 692 2376 opere
713 2299 890 2377 temptare?
915 2317 973 2359 nec
995 2305 1119 2359 tantum
1141 2297 1217 2377 quid
1233 2295 1344 2359 sacien-

117 2406 194 2466 dum
226 2404 282 2479 sit,
314 2403 470 2484 cogitare,
501 2403 558 2464 sed
590 2404 685 2464 etiam
716 2402 884 2483 aliquando
918 2424 1047 2465 manum
1071 2423 1221 2465 exercere
1245 2412 1276 2466 et
1299 2423 1345 2478 ea,

115 2531 198 2592 quae
230 2510 382 2572 meditata
413 2518 501 2585 sunt,
532 2509 572 2570 ad
596 2529 704 2570 uerum
728 2510 921 2590 perducere?
954 2509 1068 2590 quodsi
1091 2530 1147 2590 per
1170 2511 1271 2590 ipsum
1294 2531 1343 2571 sa·
1359 2525 1384 2566 20

115 2619 257 2699 pientem
288 2637 353 2678 non
385 2625 433 2678 est
464 2636 570 2690 mora,
601 2617 627 2678 si
649 2635 713 2677 non
737 2624 825 2677 actor
848 2616 953 2691 deest,
982 2617 1039 2678 sed
1063 2616 1189 2696 agenda
1211 2616 1340 2678 desunt:

77 2724 231 2804 4ecquid
262 2722 304 2785 illi
334 2743 441 2784 secum
472 2743 541 2785 esse
571 2723 755 2804 permittes?
786 2743 851 2803 quo
881 2723 987 2784 animo
1017 2723 1059 2784 ad
1091 2723 1189 2783 otium
1220 2724 1344 2802 sapiens

116 2831 259 2893 secedit?
290 2839 324 2891 ut
354 2830 432 2892 sciat
462 2849 496 2891 se
527 2838 594 2892 tum
626 2849 754 2909 quoque
778 2848 815 2890 ea
839 2837 996 2904 acturum,
1026 2849 1083 2910 per
1105 2849 1188 2909 quae
1209 2831 1344 2910 posteris

115 2937 226 3019 prosit
272 2957 331 2999 nos
360 2945 446 2998 certe
470 2956 578 2998 sumus
600 2937 653 3016 qui
677 2937 808 2997 dicimus
832 2944 864 2996 et
887 2936 1050 2997 Zenonem
1073 2945 1106 2997 et
1130 2933 1343 3017 Chrysippum

117 3043 241 3106 maiora
272 3043 389 3124 egisse,
421 3062 517 3124 quam
548 3043 573 3104 si
603 3043 769 3104 'duxissent
799 3043 971 3117 exercitus,
1003 3043 1173 3123 gessissent
1196 3040 1343 3118 honoreS,
1357 3062 1383 3100 25

99 3149 206 3232 *leges
239 3149 397 3213 tulissent:
430 3170 508 3231 quas
540 3170 604 3211 non
634 3150 686 3210 uni
717 3149 847 3224 ciuitati,
886 3149 944 3210 sed
975 3150 1036 3210 toti
1065 3147 1205 3211 humano
1236 3150 1344 3230 generi

115 3256 263 3318 tulerunt.
295 3258 370 3338 quid
394 3265 442 3320 est
466 3278 553 3338 ergo,
575 3277 673 3337 quare
696 3256 758 3318 tale
781 3257 881 3317 otium
899 3276 963 3317 non
979 3257 1147 3318 conueniat
1163 3257 1229 3317 uiro
1245 3255 1342 3332 bon0,

115 3384 173 3446 per
196 3365 286 3444 quod
309 3361 413 3425 sutura
435 3362 560 3426 saecula
583 3363 708 3424 ordinet
732 3383 790 3424 nec
814 3344 899 3442 apud
922 3382 1040 3443 paucos
1056 3363 1262 3438 contionetur,
1285 3362 1343 3423 sed

115 3472 204 3552 apud
227 3466 340 3532 omnes
362 3471 505 3531 omnium
528 3471 670 3550 gentium
693 3468 847 3544 homines,
870 3471 986 3550 quique
1008 3479 1081 3532 sunt
1101 3470 1215 3551 quique
1231 3471 1341 3530 erunt?

77 3579 159 3645 uad
191 3597 350 3639 summam
381 3596 516 3657 quaem,
548 3597 587 3638 an
610 3597 653 3638 ex
676 3577 852 3658 praeceptis
874 3576 937 3637 suis
961 3577 1095 3639 uixerint
1119 3575 1287 3638 Cleanthes
1310 3584 1343 3636 et
1356 3593 1382 3633 au

1454 2452 1459 2509 l

116 3912 130 3964 1
159 3918 183 3962 et
202 3928 278 3976 usque
296 3909 353 3964 Et:
374 3912 451 3976 eiusq;
560 3913 689 3960 terminum
709 3908 776 3963 det:
798 3913 909 3961 terminet
1017 3911 1032 3965 3
1059 3913 1234 3963 immortalium

116 4000 133 4053 9
157 4002 226 4050 aliud
249 4000 277 4066 (d
295 4001 379 4066 corr.)
471 3999 504 4052 12
527 4016 572 4049 nec
591 4016 697 4064 unquam
711 3996 790 4052 dett:
811 4017 856 4050 nec
870 4000 894 4049 ui
907 4017 967 4065 quas
1054 4000 1085 4053 13
1099 4003 1194 4067 diuinas
1208 3999 1229 4069 (s
1243 3997 1341 4062 deleta)

209 4088 241 4141 14
259 4090 337 4139 nudas
356 4090 429 4140 edere
448 4106 535 4154 operas
550 4087 633 4156 (duae
644 4107 655 4137 s
668 4089 694 4140 iu
709 4092 777 4151 ras.)
858 4088 890 4141 16
910 4091 1080 4154 imperfectum
1099 4089 1177 4146 dett:
1199 4092 1260 4139 inter
1278 4090 1343 4142 secui

207 4176 241 4230 17
265 4178 334 4227 illam
359 4179 450 4228 debere
474 4175 572 4247 uulqo:
601 4178 645 4228 illa
667 4178 757 4226 debere
782 4179 826 4228 illu
928 4177 962 4230 20
985 4179 1073 4243 quodsi
1091 4176 1213 4246 Lt'pst'us:
1240 4180 1299 4243 quid
1321 4182 1341 4228 si

206 4265 241 4320 27
266 4268 319 4316 uiro
339 4268 406 4316 bono
423 4264 494 4329 cod„
519 4268 587 4316 bono
607 4268 659 4315 uiro
678 4264 761 4335 uulyo
868 4265 902 4319 28
928 4267 1013 4316 sutura¹
1025 4267 1123 4315 saecula
1141 4265 1238 4336 uulpo:
1264 4267 1341 4331 future

114 4355 183 4407 secla
273 4362 333 4420 aput
422 4357 573 4407 conb'ouetur
590 4370 657 4407 raro
670 4351 797 4424 exemplo
881 4354 914 4407 29
934 4363 992 4420 apur
1019 4401 1024 4416 ,
1075 4357 1188 4405 homines
1203 4355 1241 4424 (in
1254 4372 1340 4425 uturp.

114 4460 150 4501 m.
169 4446 184 4496 2
202 4451 246 4510 qq.
265 4442 329 4512 sunt)
