3060 5078
231 329 272 389 58
601 320 682 361 an.
698 321 737 362 IV.
766 320 807 360 DE
835 320 886 359 IRA
900 319 955 359 LlB.
971 319 1001 359 11.
1021 322 1081 360 2-4.

231 487 392 549 equosque
422 475 597 528 castrenses
629 468 718 546 erigit
749 467 884 546 crepitus
912 483 1082 527 armorum.
1127 462 1352 525 Alexandrum
1375 463 1459 524 aiunt

231 573 445 654 Xenophanto
469 580 601 634 canente
625 593 753 634 manum
776 573 818 633 ad
842 592 929 633 arma
952 572 1081 633 misisse.

319 679 371 739 Ill.
417 677 501 740 Nihil
533 700 575 740 ex
607 678 663 752 his,
694 698 775 759 quae
805 678 945 740 animum
969 675 1098 739 fortuito
1122 676 1281 758 inpellunt,
1315 673 1457 737 adfectus
1473 704 1487 714 —

230 786 335 846 uocari
358 786 471 847 debet:
497 786 564 860 ista,
588 794 623 846 ut
645 786 689 846 ita
713 785 826 858 dicam,
848 785 965 864 patitur
988 784 1089 864 magis
1110 785 1231 845 animus
1254 802 1351 863 quam
1375 780 1454 843 iacit.

204 911 308 971 sergo
332 891 474 952 adfectus
499 900 547 952 est
570 912 635 952 non
658 891 700 952 ad
724 889 849 952 oblatas
874 911 976 952 rerum
1000 891 1121 972 species
1144 890 1281 963 moueri,
1304 889 1365 950 sed
1386 906 1455 969 per·

230 999 355 1059 mittere
379 1018 413 1058 se
435 997 492 1059 illis
516 1006 548 1058 et
577 998 661 1058 hunc
683 996 846 1087 fortuitum
878 1007 1002 1058 motum
1034 998 1188 1078 prosequi
1234 1015 1308 1057 nam
1340 994 1366 1056 si
1389 995 1455 1075 quis

104 1086 109 1095 ’
158 1118 161 1123 “
229 1103 383 1184 pallorem
415 1111 446 1164 et
476 1102 619 1166 lacrimas
649 1105 840 1185 procidentis
872 1086 904 1164 et
935 1104 1145 1164 imitationem
1176 1101 1294 1163 umoris
1327 1099 1456 1162 obsceni

230 1209 369 1271 altumue
398 1211 563 1291 suspirium
595 1218 628 1271 et
662 1209 772 1272 oculos
799 1210 905 1271 subito
936 1190 1086 1271 acriores
1102 1217 1156 1269 aut
1178 1208 1254 1290 quid
1284 1206 1334 1269 his
1357 1205 1456 1269 simile

230 1316 377 1377 indicium
408 1314 551 1377 adfectus
579 1317 735 1397 animique
765 1317 889 1395 signum
920 1323 1026 1397 putat,
1067 1313 1179 1381 fallitur
1216 1334 1276 1375 nec
1303 1311 1456 1393 intellegit

192 1443 215 1483 ιο
230 1422 372 1503 corporis
394 1421 455 1482 hos
478 1442 547 1483 esse
570 1422 685 1503 pulsus
732 1423 837 1503 itaque
861 1430 893 1482 et
908 1421 1094 1483 fortissimus
1116 1412 1302 1502 plerumque
1317 1420 1365 1481 uir
1381 1419 1455 1481 dum
1516 1437 1528 1491 3

230 1536 369 1589 armatur
397 1527 548 1608 expalluit
579 1536 611 1589 et
635 1529 726 1609 signo
749 1548 875 1609 pugnae
898 1529 975 1589 dato
999 1526 1193 1589 ferocissimo
1216 1526 1305 1588 militi
1327 1525 1462 1608 paulum

229 1654 333 1714 genua
362 1642 557 1696 tremuemnt
580 1642 612 1695 et
640 1655 758 1714 magno
790 1635 972 1716 imperatori
1003 1642 1172 1715 antequam
1203 1633 1284 1694 inter
1315 1652 1350 1694 se
1374 1634 1468 1695 acies

229 1741 396 1802 arietarent
428 1761 483 1802 cor
505 1740 613 1802 exiluit
637 1749 669 1802 et
693 1742 811 1803 oratori
835 1740 1092 1822 eloquentissimo
1117 1740 1193 1801 dum
1216 1739 1258 1800 ad
1281 1738 1468 1803 dicendum.

230 1848 416 1926 conponitur
447 1867 571 1908 summa
594 1816 760 1927 riguerunt.
810 1848 856 1908 ira
878 1867 941 1907 non
965 1847 1086 1908 moueri
1108 1854 1231 1908 tantum
1255 1845 1374 1920 debet,
1398 1844 1478 1907 sed
1509 1856 1522 1909 4

120 1994 125 2002 .
191 1974 214 2013 15
230 1973 415 2014 excurrere:
442 1962 491 2014 est
507 1955 589 2014 enirn
606 1955 738 2035 inpetus.
783 1973 956 2033 numquam
972 1961 1079 2014 autem
1095 1953 1219 2034 inpetus
1235 1952 1302 2013 sine
1317 1952 1483 2013 adsensu

229 2059 342 2120 mentis
366 2067 422 2121 est.
468 2061 670 2140 nequeenim
686 2058 753 2120 fieri
775 2068 891 2140 potest,
915 2068 949 2121 ut
973 2059 1014 2120 de
1030 2057 1149 2121 ultione
1164 2067 1196 2119 et
1212 2061 1327 2139 'poena
1342 2065 1488 2138 agatur

228 2165 334 2226 animo
351 2165 524 2226 nesciente:
551 2167 672 2247 putauit
688 2187 722 2227 se
737 2166 846 2247 aliquis
863 2164 991 2241 laesum,
1008 2165 1106 2227 uoluit
1121 2163 1234 2240 ulcisci,
1251 2165 1492 2227 dissuadente

229 2268 331 2349 aliqua
355 2291 448 2332 causa
479 2273 585 2332 statim
615 2273 748 2334 resedit:
782 2272 865 2334 hanc
895 2273 972 2335 iram
1003 2292 1068 2333 non
1091 2290 1181 2344 uoco,
1211 2278 1338 2332 motum
1362 2267 1496 2332 animi

229 2376 341 2437 rationi
363 2385 536 2458 parentem.
583 2377 633 2439 illa
657 2387 704 2440 est
727 2381 780 2453 ira,
804 2400 885 2460 quae
900 2380 1056 2440 rationem
1079 2376 1218 2451 transilit,
1242 2397 1325 2457 quae
1347 2392 1495 2439 securri

188 2503 214 2542 no
229 2482 318 2563 rapit.
370 2502 448 2563 ergo
470 2485 574 2565 prima
602 2484 654 2546 illa
680 2486 812 2564 agitatio
843 2487 953 2559 animi,
985 2504 1080 2566 quam
1108 2484 1229 2564 species
1259 2484 1390 2545 iniuriae
1412 2484 1493 2545 ἱιι-

228 2588 331 2662 cussit,
355 2608 419 2649 non
443 2591 544 2669 magis
567 2592 612 2652 ira
636 2599 684 2653 est
707 2612 801 2671 quarn
833 2593 902 2674 ipsa
929 2592 1055 2653 iniuriae
1078 2591 1218 2672 species:
1244 2587 1297 2651 ille
1320 2602 1494 2672 sequens

228 2694 365 2774 inpetuS,
388 2696 440 2776 qui
463 2697 601 2776 speciem
625 2698 750 2759 iniuriae
773 2717 838 2758 non
860 2706 983 2759 tanturn
1008 2697 1142 2776 accepit,
1173 2696 1231 2757 sed
1255 2695 1492 2778 adprobauit2

228 2802 274 2861 ira
297 2809 352 2875 est,
377 2803 545 2863 concitatio
569 2804 663 2864 animi
679 2804 720 2864 ad
737 2803 888 2901 ultionem
904 2802 1066 2865 uoluntate
1089 2811 1121 2863 et
1144 2803 1258 2864 iudicio
1283 2804 1491 2884 pergentis·

188 2909 195 2921 '
229 2927 401 2986 numquam
441 2908 571 2971 dubium
611 2918 659 2970 est
697 2911 771 2990 quin
799 2911 895 2971 timor
925 2909 1033 2990 fugam
1061 2908 1193 2984 habeat,
1227 2909 1272 2969 ira
1304 2909 1488 2991 inpetum·

189 3013 303 3073 nauide
331 3033 408 3093 ergo
440 3035 480 3075 an
510 3025 602 3096 putes
635 3016 750 3096 aliquid
781 3017 848 3077 sine
875 3018 1011 3077 adsensu
1039 3016 1153 3077 mentis
1180 3023 1234 3078 aut
1264 3015 1331 3096 peti
1363 3026 1491 3098 posse

232 3127 284 3180 aut
307 3121 418 3182 caueri.
1272 3136 1278 3145 '

321 3224 376 3286 IV.
422 3225 466 3287 Et
488 3236 523 3287 ut
538 3229 616 3288 scias
632 3229 905 3309 quemadmodum
921 3220 1069 3308 incipiant
1085 3227 1226 3289 adfectus
1241 3236 1297 3289 aut
1312 3228 1485 3291 crescant

235 3339 288 3392 aut
311 3330 487 3406 efferantur,
511 3341 558 3393 est
581 3335 698 3413 primus
714 3343 820 3396 motus
842 3354 908 3395 non
931 3334 1122 3395 uoluntarius
1145 3334 1233 3415 quasi
1256 3331 1486 3415 praeparatio

236 3435 378 3498 adfectus
402 3446 434 3497 et
456 3440 614 3518 quaedam
638 3441 850 3502 comminatio.
896 3439 975 3502 alter
1005 3459 1077 3501 curn
1101 3439 1263 3535 uoluntate
1293 3459 1362 3501 non
1385 3455 1486 3502 con-

192 3564 218 3602 a>
231 3543 356 3616 tumaci,
387 3550 550 3625 tamquam
582 3554 729 3627 oporteat
764 3567 817 3608 me
852 3547 1013 3620 uindicari,
1052 3566 1124 3607 cum
1156 3544 1258 3607 laesus
1296 3546 1368 3621 sim,
1406 3544 1494 3607 aut

233 3657 382 3731 oporteat
404 3648 487 3711 hunc
509 3670 628 3732 poenas
651 3653 735 3727 dare,
759 3673 831 3714 curn
855 3652 962 3715 scelus
985 3651 1101 3713 lecerit.
1146 3653 1255 3713 tertius
1279 3660 1390 3715 motus
1412 3650 1501 3711 est

232 3755 294 3816 iarn
324 3756 486 3835 inpotens,
522 3759 575 3838 qui
604 3778 683 3824 non*
699 3759 724 3819 si
760 3740 888 3839 oportet
923 3757 1027 3820 ulcisci
1054 3755 1137 3833 uult,
1167 3758 1225 3819 sed
1253 3757 1376 3840 utique,
1407 3744 1504 3836 qui

234 3984 247 4034 i
269 4001 375 4050 equosq:
398 3988 438 4051 (q:
460 3987 543 4052 corr.)
653 3985 669 4038 2
688 3988 846 4051 xenophanto
866 3993 892 4051 (ο
912 3996 984 4040 extr.
1005 3986 1089 4054 corr.)
1198 3985 1213 4038 3
1233 3990 1259 4040 et
1278 3986 1294 4039 5
1313 3984 1342 4039 t'n
1361 3984 1507 4037 affectffl

230 4072 311 4141 prior
329 4074 372 4126 fe
390 4078 463 4126 co'rr.
559 4074 575 4127 7
594 4076 730 4127 irritatione
832 4077 924 4125 umoris
943 4090 1081 4144 superscr.
1100 4076 1118 4124 h
1208 4073 1242 4127 10
1260 4074 1344 4140 pulsus
1363 4056 1496 4130 ceter·i
1502 4073 1508 4103 ²

233 4162 317 4226 pulsos
412 4162 445 4216 ’12
465 4156 500 4215 ini
521 4163 541 4231 (t
559 4163 587 4216 in
606 4163 674 4229 ras.)
774 4164 804 4216 15
825 4171 859 4215 ati
879 4165 983 4229 impetus
1029 4216 1032 4221 ,
1080 4180 1178 4213 assensu
1197 4161 1292 4234 (prior
1309 4180 1321 4213 s
1341 4180 1357 4217 e
1375 4142 1510 4217 corr-l

319 4249 350 4303 16
370 4268 434 4317 pena
518 4251 553 4304 20
571 4254 671 4302 incussit
689 4267 743 4306 non
762 4254 861 4303 incursit
947 4253 980 4304 22
1000 4254 1104 4318 impetus
1202 4254 1354 4318 approbauit
1371 4240 1514 4323 (prior

200 4306 386 4406 *pecorini
478 4338 511 4392 25
531 4342 623 4406 aliquid
642 4343 671 4404 (d
689 4342 772 4406 corr.)
864 4358 961 4391 assensu
982 4341 1070 4410 (prior
1088 4358 1100 4391 s
1119 4357 1134 4394 e
1153 4340 1237 4408 corr.)
1328 4313 1515 4395 270129

235 4429 334 4478 affectus
353 4429 447 4497 (prior
464 4431 477 4478 i
493 4445 507 4482 e
526 4432 608 4494 corr.)
700 4430 732 4483 31
753 4446 829 4495 penas
924 4430 958 4484 32
977 4433 1099 4495 impotens
