3046 5092
308 314 387 355 DlAL.
404 313 444 355 Xl.
472 314 514 354 AD
530 314 665 354 HELVlAM
681 314 811 354 MATREM
828 314 867 354 DE
882 313 1125 355 CONSOLATIONE.
1156 285 1234 356 13.lt.
1318 318 1380 381 263

93 500 100 523 .
161 462 255 523 uideri
278 460 309 522 in
332 481 397 542 quo
421 459 570 522 Socrates
595 470 669 523 erat.
708 461 776 542 quis
800 482 899 542 usque
922 482 961 523 eo
985 462 1026 522 ad
1050 460 1304 543 conspiciendam
1328 482 1380 523 ue-

160 569 282 630 ritatem
313 575 502 646 excaecatus
533 576 595 643 est,
634 578 667 629 ut
697 569 900 648 ignominiam
932 576 1022 649 putet
1052 567 1096 627 M.
1129 564 1258 628 Catonis
1288 564 1382 629 luisse

159 674 315 756 duplicem
338 675 369 736 in
391 674 544 756 petitione
568 682 732 754 praeturae
756 684 787 735 et
811 675 992 736 consulatus
1008 673 1185 756 repulsam?
1209 673 1381 753 ignominia

157 781 205 843 illa
237 791 405 863 praeturae
436 792 467 843 et
499 780 678 873 consulatus
707 779 778 855 suit,
808 782 921 862 quibus
945 803 986 842 ex
1012 778 1135 843 Catone
1158 779 1261 841 honor
1284 779 1379 841 habe-

93 906 119 955 5
157 888 257 951 batur.
304 909 400 950 nemo
423 888 464 950 ab
488 887 548 950 alio
573 889 799 963 contemnitur,
823 890 879 950 nisi
902 911 921 951 a
943 909 978 949 se
1001 897 1074 949 ante
1098 897 1300 969 contemptus
1323 897 1380 950 est.
1395 903 1419 977 ⁵⁴

156 994 280 1057 humilis
311 1004 343 1057 et
373 996 532 1076 proiectus
556 995 677 1056 animus
701 1005 749 1056 est
773 996 821 1056 isti
845 994 1054 1057 contumeliae
1078 1003 1294 1076 opportunus:
1328 997 1381 1073 qui

156 1123 231 1164 uero
255 1102 407 1164 aduersus
430 1102 629 1163 saeuissimos
653 1122 743 1163 casus
766 1122 801 1163 se
824 1101 947 1164 extollit
971 1112 1003 1163 et
1027 1122 1064 1162 ea
1088 1101 1180 1175 mala,
1202 1101 1316 1180 quibus
1332 1100 1381 1162 alii

155 1209 390 1290 opprimuntur,
422 1209 543 1290 euertit,
567 1211 651 1290 ipsas
676 1208 814 1270 miserias
838 1207 1002 1270 infularum
1026 1208 1098 1270 loco
1121 1209 1227 1282 habet,
1251 1208 1379 1288 quando

156 1317 198 1378 ita
221 1314 338 1378 adfecti
361 1335 477 1390 sumus,
502 1324 536 1377 ut
559 1314 633 1376 nihil
657 1335 758 1396 aeque
782 1335 931 1395 magnam
955 1317 1040 1396 apud
1064 1335 1123 1377 nos
1139 1315 1379 1376 admirationem

112 1438 139 1492 7
156 1430 303 1504 occupet,
335 1442 431 1503 quam
462 1422 562 1483 homo
591 1421 712 1483 sortiter
735 1423 836 1483 miser.
883 1422 1058 1484 ducebatur
1081 1421 1218 1484 Athenis
1242 1423 1283 1484 ad
1307 1442 1378 1503 sup.
1396 1439 1420 1478 10

155 1530 281 1612 plicium
305 1527 477 1603 Aristides,
507 1531 555 1591 cui
579 1529 716 1609 quisquis
741 1537 934 1602 occurrerat,
967 1529 1123 1590 deiciebat
1146 1528 1256 1590 oculos
1280 1539 1312 1590 et
1334 1529 1378 1589 in-

105 1686 116 1691 -
155 1637 376 1718 gemescebat,
408 1656 473 1696 non
504 1645 668 1716 tamquam
699 1636 729 1696 in
758 1635 919 1697 hominem
942 1637 1057 1697 iustum
1081 1637 1138 1697 sed
1162 1643 1324 1716 tamquam
1349 1637 1379 1696 in

154 1746 254 1826 ipsam
294 1743 442 1805 iustitiam
480 1743 788 1804 animaduerteretur.
836 1743 980 1804 inuentus
1017 1752 1065 1805 est
1099 1751 1223 1816 tamen,
1261 1743 1314 1822 qui
1348 1743 1379 1802 in

153 1850 266 1912 faciem
291 1851 356 1911 eius
380 1850 557 1931 inspueret:
584 1857 711 1930 poterat
734 1848 778 1910 ob
802 1849 863 1910 hoc
887 1848 1022 1911 moleste
1045 1848 1133 1923 ferre,
1157 1848 1243 1929 quod
1260 1847 1380 1910 sciebat

154 1958 314 2019 neminem
346 1957 378 2017 id
409 1976 557 2017 ausurum
590 1955 658 2035 puri
689 1957 752 2017 oris
807 1966 839 2018 at
871 1955 921 2017 ille
945 1955 1091 2017 abstersit
1114 1955 1225 2018 faciem
1250 1964 1281 2017 et
1306 1954 1377 2016 sub·
1396 1969 1419 2008 1⁵

154 2065 260 2126 ridens
299 2063 342 2125 ait
379 2063 542 2124 comitanti
572 2083 607 2122 se
638 2063 852 2142 magistratui:
887 2063 1025 2124 admone
1056 2063 1166 2136 istum,
1197 2082 1237 2124 ne
1267 2072 1380 2143 postea

153 2181 220 2234 tam
244 2169 379 2250 inprobe
402 2169 522 2231 oscitet.
569 2169 631 2230 hoc
651 2167 708 2231 suit
729 2167 952 2230 contumeliam
969 2170 1025 2250 ipsi
1043 2168 1252 2230 contumeliae
1269 2167 1379 2233 lacere.

120 2280 218 2346 ascio
250 2276 407 2357 quosdam
440 2276 544 2337 dicere
574 2255 760 2357 contemptu
784 2274 856 2336 nihil
880 2297 949 2337 esse
973 2277 1113 2356 grauius,
1147 2256 1283 2337 mortem
1307 2276 1380 2356 ipsis

151 2385 313 2467 potiorem
343 2384 450 2445 uideri.
496 2381 542 2443 his
573 2402 635 2462 ego
666 2382 870 2464 respondebo
902 2392 934 2443 et
965 2381 1093 2444 exilium
1117 2403 1213 2462 saepe
1237 2391 1377 2444 contem-

151 2491 262 2573 ptione
293 2490 380 2551 omni
411 2509 523 2551 carere.
571 2490 595 2550 si
628 2508 762 2567 magnus
795 2490 840 2550 uir
870 2490 997 2563 cecidit,
1031 2507 1163 2567 magnus
1187 2490 1282 2563 iacet,
1314 2510 1378 2550 non
1393 2500 1419 2539 2⁰
1456 2508 1460 2512 ·

152 2599 255 2679 magis
285 2596 372 2672 illum
404 2606 495 2677 putes
520 2596 696 2671 contemni,
727 2616 822 2676 quam
847 2616 918 2657 cum
942 2597 1066 2657 aedium
1090 2616 1249 2657 sacrarum
1273 2598 1402 2658 ruinae·

151 2693 321 2778 calcantur,
343 2724 423 2784 quas
446 2702 579 2782 religiosi
602 2722 703 2783 aeque
726 2722 763 2764 ac
785 2703 897 2765 stantis
921 2703 1063 2764 adorant.

119 2829 128 2880 1
242 2811 330 2872 XIV.
367 2809 538 2890 ‚Quoniam
570 2829 644 2870 meo
675 2810 803 2871 nomine
834 2808 906 2870 nihil
936 2808 1051 2882 habeS,
1086 2819 1189 2872 mater
1210 2810 1378 2885 carissima,

151 2919 240 2999 quod
271 2927 304 2979 te
334 2916 363 2978 in
395 2916 530 2977 infinitas
560 2915 703 2978 lacrimas
735 2926 825 2996 agat,
864 2917 1004 2996 sequitur
1033 2924 1066 2976 ut
1098 2936 1211 2978 causae
1242 2924 1315 2977 tuae
1345 2925 1378 2978 te

151 3024 322 3087 stimulent.
358 3032 430 3084 sunt
454 3032 560 3084 autem
585 3023 682 3083 duae:
709 3042 782 3083 nam
807 3031 860 3083 aut
884 3022 958 3084 illud
982 3032 1015 3084 te
1039 3032 1155 3096 mouet,
1179 3024 1267 3103 quod
1288 3043 1377 3104 prae·
1392 3034 1418 3072 ‘2⁵
1511 3024 1520 3111 ‚⁸

151 3133 265 3194 sidium
289 3130 417 3212 aliquod
441 3130 554 3191 uideris
578 3129 733 3203 amisisse,
767 3138 821 3190 aut
843 3127 926 3203 illud,
949 3130 1036 3209 quod
1061 3129 1250 3190 desiderium
1274 3130 1376 3211 ipsum

152 3259 209 3320 per
231 3258 266 3300 se
290 3237 354 3318 pati
379 3256 443 3297 non
467 3246 567 3316 potes.

112 3363 130 3414 2
242 3346 329 3406 Prior
352 3364 423 3425 pars
448 3342 522 3404 mihi
545 3341 654 3404 leuiter
677 3344 917 3425 perstringenda
940 3352 1006 3404 est:
1033 3345 1106 3404 noui
1131 3344 1212 3405 enim
1237 3343 1377 3405 animum

150 3462 242 3515 tuum
274 3450 348 3512 nihil
378 3451 409 3511 in
439 3450 502 3511 suis
530 3459 655 3529 praeter
679 3451 764 3530 ipsos
787 3460 957 3512 amantem.
1002 3451 1136 3516 uiderint
1158 3450 1228 3512 illae
1252 3461 1376 3524 matreS,

150 3579 233 3641 quae
256 3557 431 3639 potentiam
456 3555 623 3618 liberorum
648 3555 790 3618 muliebri
813 3557 986 3637 inpotentia
1009 3567 1168 3632 exercent,
1192 3578 1282 3639 quae,
1305 3557 1378 3638 quia
1391 3567 1416 3607 3⁰
1460 3584 1465 3594 ·

150 3664 275 3727 seminis
297 3663 435 3724 honores
458 3684 523 3725 non
546 3662 619 3727 licet
643 3683 770 3743 gerere,
794 3684 851 3744 per
873 3662 942 3725 illos
965 3664 1153 3726 ambitiosae
1176 3673 1265 3738 sunt,
1294 3684 1376 3745 quae

150 3771 341 3854 patrimonia
371 3768 504 3831 filiorum
535 3779 568 3832 et
599 3769 788 3832 exhauriunt
819 3780 851 3831 et
882 3779 1028 3853 captant,
1058 3792 1140 3852 quae
1165 3771 1375 3852 eloquentiam

1004 3996 1017 4030 2

150 4019 325 4072 3consolatus
409 3992 540 4082 iipreture
555 4024 577 4066 et
591 4017 730 4066 consolatus
814 4016 1002 4082 boontempnit
1097 3995 1226 4082 conteptuS
1240 4019 1308 4084 (sm.
1319 4018 1375 4086 pr.)

1138 4117 1151 4143 u

239 4160 311 4213 best
332 4157 426 4213 Gertz:
448 4161 478 4208 sit
569 4161 582 4208 7
610 4134 651 4207 alil
741 4158 756 4210 9
783 4161 847 4223 apud
868 4159 896 4226 (d
915 4161 998 4225 corr.)
1072 4160 1104 4211 15
1131 4166 1204 4210 asurt'l
1257 4207 1261 4216 ,
1295 4166 1319 4208 at
1338 4159 1376 4224 (in

150 4253 218 4312 ras.)
322 4247 356 4300 18
380 4250 478 4313 grauius
498 4249 560 4313 (ulus
579 4247 605 4299 iri
625 4254 693 4313 ras.)
795 4248 828 4301 19
854 4255 876 4297 et
895 4246 990 4301 abesse
1008 4247 1098 4301 nralz'm
1211 4250 1376 4298 contemtione

240 4337 275 4390 20
294 4339 356 4386 iacet
373 4335 467 4390 Gertz:
489 4339 563 4387 iacuit
653 4337 686 4390 21,
707 4337 773 4386 illum
787 4345 855 4401 putes
868 4340 990 4387 contemni
1003 4355 1077 4402 quam
1091 4355 1146 4388 curn
1160 4339 1256 4387 aedium
1272 4335 1373 4408 Neap:

151 4427 219 4476 illum
238 4428 380 4492 contempni
399 4429 449 4492 qud
468 4428 528 4491 edit]
