3046 5092
667 259 680 284 Q

411 326 489 366 nint.
505 326 531 364 v.
560 326 600 364 nn
615 326 666 366 iun
682 325 736 366 ma
754 326 792 368 iu.
821 329 854 368 rc.
870 329 903 368 rt.
918 328 952 368 ra.
1233 332 1294 394 109

71 473 144 537 mihi
175 473 297 549 nocuit,
330 494 392 554 ego
423 472 465 536 illi
496 474 647 535 nondum.
694 473 751 534 sed
774 472 835 533 iam
859 471 995 554 aliquem
1018 470 1150 535 fortasse
1173 471 1295 534 laesisti.

67 582 126 644 sed
156 580 272 643 laedes.
319 579 384 643 noli
414 590 592 643 aestumare
621 577 703 640 hanc
733 576 845 640 horam
870 587 923 640 aut
946 579 1029 640 hunc
1053 578 1145 643 diem.
1192 587 1295 641 totum

25 703 37 714 ·
69 689 186 770 inspice
211 688 324 750 mentis
347 695 421 748 tuae
441 685 603 749 habiturn:
631 685 753 749 etiamsi
768 683 843 747 nihil
858 684 932 747 mali
947 684 1053 760 fecisti,
1076 695 1170 767 potes
1185 684 1295 747 facere.

10 800 31 851 1
156 794 292 881 XXVII.
340 792 468 875 Quanto
506 793 602 854 satius
632 799 681 853 est
711 812 821 853 sanare
859 791 999 853 iniuriam
1037 813 1133 873 quam
1172 792 1295 855 ulcisci?

68 901 203 966 multum
227 901 380 982 temporis
404 899 479 961 ultio
503 899 654 973 absumit,
679 896 784 961 multis
808 919 842 960 se
865 899 978 960 iniuriis
1001 898 1112 973 obicit,
1136 900 1211 961 dum
1235 916 1322 962 unat

68 1007 166 1071 dolet.
213 1008 327 1069 diutius
351 1008 510 1069 irascimur
534 1026 645 1068 omnes
669 1026 765 1086 quam
788 1004 960 1069 laedImur:
988 1014 1106 1086 quanto
1123 1006 1232 1069 melius
1249 999 1297 1069 est

68 1116 156 1179 abire
187 1116 217 1175 in
242 1115 399 1176 diuersum
423 1135 482 1176 nec
506 1114 579 1176 uitia
603 1113 682 1176 uitiis
706 1116 891 1194 opponere?
931 1133 1006 1174 num
1030 1113 1099 1194 quis
1122 1115 1198 1176 satis
1221 1135 1295 1176 con-

68 1231 153 1283 stare
185 1221 244 1282 sibi
275 1222 432 1295 uideatur,
464 1220 488 1281 si
521 1220 639 1282 mulam
673 1220 809 1283 calcibus
832 1229 956 1302 repetat
980 1228 1011 1281 et
1035 1212 1144 1282 canein
1169 1225 1296 1283 morsu?

15 1333 37 1383 2
68 1329 143 1402 ista,
176 1328 292 1409 inquis,
323 1347 453 1410 peccare
484 1348 518 1388 se
542 1328 690 1390 nesciunt.
737 1328 872 1410 primurn
896 1347 992 1408 quarn
1016 1328 1111 1389 inicus
1132 1338 1188 1403 est,
1212 1329 1297 1409 apud

68 1456 164 1517 quern
194 1434 357 1497 hominem
389 1456 456 1497 esse
492 1436 533 1498 ad
564 1435 784 1516 inpetrandam
816 1435 939 1496 ueniam
972 1438 1086 1496 nocet?
1126 1435 1241 1497 deinde
1271 1435 1297 1497 si
1313 1459 1337 1498 ιο

69 1553 175 1605 cetera
213 1541 358 1604 animalia
396 1541 458 1605 hoc
496 1542 559 1603 irae
598 1551 671 1604 tuae
701 1541 862 1616 subducit,
900 1543 987 1623 quod
1009 1541 1149 1603 'consilio
1180 1551 1297 1616 carent,

69 1650 186 1713 eodem
218 1648 291 1711 loco
322 1648 378 1710 tibi
408 1650 448 1710 sit
480 1648 617 1730 quisquis
641 1647 769 1711 consilio
793 1657 887 1711 caret.
928 1648 1008 1729 quid
1033 1650 1115 1710 enirn
1140 1648 1233 1710 refert
1256 1669 1296 1709 an

69 1755 127 1817 alia
160 1756 255 1818 mutis
285 1755 444 1818 dissimilia
473 1755 607 1831 habeat,
638 1756 663 1818 si
693 1738 755 1817 hoc
779 1755 864 1837 quod
889 1756 919 1816 in
943 1757 1029 1818 omni
1052 1765 1184 1837 peccato
1209 1765 1297 1817 muta

24 1866 44 1915 33
70 1861 226 1936 defendit,
266 1860 365 1923 simile
397 1861 509 1936 habet,
549 1861 713 1943 caliginem
746 1862 880 1924 mentis?
925 1862 1086 1944 peccauit:
1120 1862 1182 1923 hoc
1213 1863 1296 1923 enirn

69 1969 227 2052 primurn?
266 1969 329 2030 hoc
352 1957 660 2031 enim'extremum?
693 1990 757 2031 non
780 1977 828 2030 est
851 1970 939 2050 quod
963 1969 1004 2030 illi
1028 1971 1150 2043 credas,
1175 1970 1297 2030 etiamsi
1314 1990 1336 2030 u

72 2077 205 2137 dixerit:
236 2076 348 2138 iterum
372 2096 437 2138 non
461 2074 582 2138 faciam.
630 2085 661 2138 et
685 2076 743 2137 iste
765 2075 913 2158 peccabit
936 2083 968 2137 et
992 2077 1022 2137 in
1046 2076 1140 2137 istum
1165 2074 1241 2137 alius
1265 2086 1297 2137 et
1366 2141 1368 2145 ,

71 2193 137 2247 tota
161 2183 227 2244 uita
249 2183 329 2244 inter
352 2203 473 2245 errores
497 2182 696 2245 uolutabitur.
737 2190 899 2244 mansuete
921 2181 1118 2245 inmansueta
1133 2183 1299 2245 tractanda

26 2291 46 2342 4
71 2298 148 2353 sunt.
180 2290 284 2370 quod
315 2290 346 2350 in
375 2289 460 2352 luctu
492 2284 552 2351 dici
582 2287 665 2351 solet
697 2288 928 2364 efficacissime,
959 2298 991 2351 et
1022 2290 1053 2351 in
1083 2290 1128 2352 ira
1156 2290 1294 2352 dicetur:

72 2406 174 2460 utrum
214 2395 382 2478 aliquando
422 2397 545 2459 desines
584 2415 623 2458 an
658 2400 852 2476 numquam?
898 2397 923 2458 si
954 2396 1138 2478 aliquando,
1178 2404 1296 2478 quanto

73 2505 165 2567 satius
197 2513 245 2566 est
267 2505 345 2566 Iram
369 2503 542 2585 relinquere
565 2523 661 2585 quarn
685 2502 725 2565 ab
749 2503 794 2564 ira
817 2502 966 2585 relinqui?
1005 2525 1045 2566 an
1069 2490 1195 2586 semper
1218 2503 1297 2564 haec
1311 2521 1336 2561 ro

75 2611 200 2692 agitatio
224 2610 442 2692 permanebit?
475 2588 562 2672 uides
586 2631 681 2691 quam
706 2613 885 2692 inpacatam
909 2610 965 2672 tibi
988 2611 1153 2672 denunties
1177 2610 1295 2671 uitam?

34 2721 54 2770 ὃ
76 2718 168 2798 qualis
192 2719 276 2779 enim
301 2717 358 2779 erit
381 2737 506 2798 semper
528 2718 699 2779 tumentis?
732 2717 821 2779 adice
844 2738 935 2792 nunc,
959 2716 1045 2798 quod
1069 2736 1141 2779 curn
1165 2716 1247 2778 bene
1264 2725 1296 2777 te

77 2823 135 2907 ipse
157 2824 356 2887 succenderis
380 2833 411 2885 et
434 2824 567 2886 subinde
592 2843 717 2899 causaS,
742 2824 854 2906 quibus
878 2823 1059 2899 stimuleriS,
1089 2823 1295 2902 renouaueris,

52 2978 56 2985 ,
77 2952 124 2994 sua
153 2941 269 3014 sponte
293 2917 336 2992 ira
360 2931 502 2993 discedet
525 2939 557 2992 et
580 2931 661 2992 uires
684 2929 726 2993 illi
749 2931 816 2993 dies
838 2911 1022 2992 subtrallet:
1056 2939 1174 3012 quanto
1200 2929 1296 2991 satius

83 3049 121 3100 est
142 3061 161 3101 a
184 3048 216 3100 te
239 3036 323 3101 illam
348 3037 427 3099 uinci
450 3058 547 3118 quarn
571 3059 590 3100 a
612 3041 667 3099 se?
724 3054 729 3065 ·
1310 3056 1336 3094 rs

28 3133 68 3193 'l
159 3144 307 3207 XXVIII.
347 3144 429 3205 Huic
459 3145 613 3219 irasceris,
645 3144 760 3206 deinde
789 3143 838 3205 illi.
884 3144 999 3219 seruis,
1031 3145 1145 3205 deinde
1169 3142 1295 3204 libertis.

86 3251 269 3328 parentibus,
290 3225 422 3313 ‘deinde
452 3230 563 3312 liberis
613 3251 711 3323 notis,
750 3251 865 3313 deinde
895 3251 1019 3332 ignotis.
1065 3251 1180 3332 ubique
1211 3250 1295 3312 enim

86 3375 183 3420 causae
212 3366 394 3439 supersunt,
434 3358 489 3420 nisi
520 3359 708 3438 deprecator
739 3357 860 3420 animus
892 3359 1032 3420 accessit.
1078 3357 1150 3420 hinc
1180 3367 1212 3418 te
1243 3356 1295 3418 illo

47 3529 48 3533 η
85 3459 156 3525 furor
185 3465 301 3547 rapiet,
332 3462 414 3526 illinc
444 3464 523 3540 alio,
554 3472 586 3526 et
616 3465 706 3526 nouis
737 3463 872 3527 subinde
896 3465 1105 3528 inritamentis
1125 3464 1296 3527 orientibus

83 3570 301 3633 continuabitur
332 3570 451 3632 rabies:
493 3592 569 3652 age,
608 3570 731 3647 infelix,
769 3573 935 3653 ecquando
966 3570 1108 3634 amabis?
1148 3592 1168 3634 o
1199 3593 1295 3653 quarn
1310 3588 1335 3631 30

56 3668 189 3739 lbonum
213 3686 339 3758 tempus
363 3678 392 3739 in
416 3698 450 3739 re
474 3677 557 3741 mala
579 3679 702 3760 perdis!
743 3686 863 3760 quanto
884 3699 967 3741 nunc
982 3687 1050 3741 erat
1065 3679 1160 3741 satius
1176 3679 1296 3740 amicos

79 3813 254 3828 K--ss
260 3824 279 3826 -v-
291 3816 297 3828 Ι

74 3879 88 3929 2
109 3901 174 3938 oram
278 3889 293 3942 1
320 3907 406 3940 sanare
425 3887 555 3959 Madut'q:
583 3892 664 3940 sanari
766 3888 782 3942 8
808 3847 968 3940 sibimdeatur
1070 3892 1085 3944 9
1111 3893 1187 3940 inicus
1213 3891 1294 3957 (cxc

70 3963 173 4028 factum
191 3984 231 4032 est
249 3997 278 4043 q,
298 3997 312 4026 u
332 3980 486 4048 suprascr.)
573 3988 631 4045 aput
719 3980 745 4030 ll
769 3983 850 4029 cetera
870 3979 908 4047 (in
927 3980 995 4046 ras.)
1084 3980 1111 4032 13
1131 3981 1201 4027 mutis
1222 3975 1293 4030 Mcd.

71 4049 199 4117 Deera:
220 4069 302 4116 multis
390 4069 414 4115 in
434 4067 512 4135 omni]
532 4065 622 4120 rnalr'rn
642 4070 674 4118 ab
693 4070 761 4118 omni
848 4066 880 4121 16
900 4069 987 4117 dixerit
1006 4066 1075 4128 cort,
1095 4067 1156 4119 r'tcm
1170 4065 1294 4135 Lr'psr'rts:

69 4139 130 4194 dlxii
149 4154 228 4224 uttho
328 4155 358 4208 18
377 4158 402 4205 in
422 4136 553 4206 iradicetur
649 4158 680 4210 21
703 4159 806 4223 agitatio
824 4155 931 4210 Haase:
954 4158 1072 4221 cogitatio
1163 4155 1292 4207 uides...

67 4227 163 4290 ustam?
192 4243 267 4297 Koch
287 4249 391 4298 recitata
409 4245 624 4315 interpunctione
650 4244 729 4313 (conl.
749 4245 788 4299 ad
805 4243 892 4298 Marc.
915 4248 961 4307 13,
986 4246 1088 4296 4uides
1107 4259 1181 4308 quam
1200 4259 1293 4307 magno

65 4326 154 4384 antino
174 4343 250 4392 tulerit
259 4341 289 4410 ?);
311 4345 368 4392 uide
386 4341 473 4411 Neap.
496 4339 577 4395 Gertz
668 4344 810 4408 denuntietis
904 4339 939 4396 ‘28
964 4335 1053 4410 causae
1147 4341 1293 4406 deprecator

162 4439 193 4489 30
211 4442 337 4504 ecquando
361 4438 498 4493 Goerenz:
520 4448 542 4490 et
561 4444 660 4507 quando
