3046 5092
243 340 361 402 150·
477 333 689 377 DIAL.V11.AD
705 331 882 374 cautionum
899 331 1231 378 DEVITABEATA.6.'1.
1323 356 1326 360 .

240 481 429 555 mortalium,
452 481 501 542 cui
524 479 621 541 ullum
642 487 785 560 superest
800 477 935 540 hominis
950 479 1126 559 uestigium,
1149 500 1206 560 per
1223 481 1307 544 diem
1324 492 1471 547 noctem·

240 608 301 667 que
325 586 441 649 titillari
464 586 538 649 uelit
561 594 593 648 et
617 588 743 648 deserto
768 587 874 646 animo
898 586 1022 666 corpori
1045 606 1176 667 operam
1202 567 1298 651 dare?
1389 643 1392 648 .

195 715 229 788 s'
329 693 383 756 VI.
429 691 496 756 Sed
531 694 653 754 animus
684 713 827 773 quoque,
864 693 977 773 inquit,
1014 691 1193 773 uoluptates
1224 694 1356 757 habebit
1390 707 1503 760 suast

240 799 358 861 habeat
382 819 458 861 sane
481 801 654 881 sedeatque
677 798 817 860 luxuriae
841 805 873 860 et
896 797 1105 879 uoluptatium
1129 799 1262 874 arbiter,
1293 801 1416 882 inpleat
1438 823 1474 865 se

214 907 284 968 aeis
308 906 464 981 omnibus,
488 927 568 989 quae
592 905 752 968 oblectare
776 925 884 967 sensus
905 905 1015 966 solent.
1055 906 1171 967 deinde
1186 909 1357 986 praeterita
1374 909 1472 991 respi-

240 1016 302 1076 ciat
325 1021 357 1075 et
381 1012 578 1075 exoletarum
602 1012 810 1093 uoluptatium
835 1032 960 1074 memor
982 1012 1104 1074 exultet
1126 1012 1282 1093 prioribus
1297 1013 1473 1098 futurisque

240 1121 302 1182 iam
334 1121 483 1182 inmineat
515 1139 551 1181 ac
582 1139 655 1200 spes
687 1139 759 1180 suas
790 1119 930 1191 ordinet,
962 1128 994 1180 et
1017 1119 1234 1200 dum·corpus
1256 1121 1288 1181 in
1311 1125 1473 1201 praesenti

241 1229 350 1307 sagina
373 1227 461 1299 iacet,
487 1226 694 1305 cogitationes
718 1226 759 1286 ad
784 1222 886 1286 sutura
908 1225 1107 1304 praemittat:
1136 1224 1198 1287 hoc
1221 1225 1296 1287 mihi
1313 1227 1474 1292 uidebitur
1501 1211 1503 1217 ,

242 1334 399 1407 miserior,
430 1332 580 1413 quoniam
604 1331 688 1392 mala
710 1351 768 1410 pro
792 1331 884 1392 bonis
908 1329 1014 1410 legere
1036 1332 1197 1392 dementia
1219 1342 1275 1396 est.
1323 1353 1384 1398 nec
1407 1337 1475 1397 sine

202 1453 227 1492 ¹0
241 1433 380 1502 sanitate
405 1438 570 1518 quisquam
593 1437 705 1499 beatus
729 1446 777 1499 est
800 1457 858 1499 nee
880 1457 989 1512 sanus,
1011 1437 1068 1527 cui
1091 1424 1238 1500 oblutura
1259 1459 1318 1521 pro
1342 1442 1474 1522 optimis

242 1548 440 1628 adpetuntur.
479 1543 591 1605 beatus
615 1564 693 1624 ergo
717 1553 764 1606 est
784 1544 886 1605 iudicii
902 1552 1013 1605 rectus.
1051 1543 1163 1606 beatus
1179 1554 1228 1607 est
1243 1548 1474 1626 praesentibus,
1492 1557 1507 1610 2

242 1652 481 1733 qualiacumque
504 1659 583 1725 sunt,
608 1659 774 1711 contentus
797 1650 978 1730 amicusque
1000 1650 1187 1714 rebus'suis.
1227 1651 1340 1715 beatus
1366 1663 1417 1716 est
1439 1656 1473 1729 is,

152 1821 154 1824 .
242 1761 291 1820 cui
314 1777 445 1819 omnem
469 1756 612 1819 habitum
636 1777 740 1818 rerum
763 1776 890 1818 suarum
914 1757 995 1818 ratio
1019 1758 1231 1820 commendat.

331 1864 400 1925 Vll.
439 1863 560 1925 Vident
583 1864 669 1924 etin
692 1862 771 1924 hillis
794 1864 846 1942 qui
869 1883 1029 1924 summum
1052 1862 1173 1925 bonum
1190 1863 1349 1947 dixerunt,
1374 1886 1472 1947 quam
1493 1880 1504 1929 1

205 1986 228 2026 ¹5
242 1972 324 2052 turpi
348 1970 423 2032 illud
446 1969 518 2031 loco
534 1969 702 2051 posuerint.
741 1969 847 2049 itaque
863 1978 1092 2050 negantposse
1107 1968 1304 2050 uoluptatem
1320 1991 1339 2032 a
1355 1973 1473 2034 uirtute

241 2079 345 2140 diduci
377 2085 410 2138 et
439 2077 525 2138 aiunt
555 2096 613 2137 nec
644 2075 778 2137 honeste
808 2095 999 2156 quemquam
1030 2077 1151 2152 uiuere,
1183 2085 1217 2138 ut
1247 2098 1312 2139 non
1335 2079 1473 2142 iucunde

241 2186 338 2258 uiuat,
362 2204 421 2245 nec
444 2183 589 2257 iucunde,
614 2192 648 2244 ut
661 2175 734 2243 'non
758 2181 891 2244 honeste
916 2203 1052 2263 quoque.
1097 2203 1162 2244 non
1184 2175 1279 2246 uideo
1302 2188 1473 2266 quomodo

241 2292 301 2353 ista
331 2299 397 2351 tam
429 2290 553 2351 diuersa
582 2290 614 2350 in
642 2291 777 2351 eandem
801 2287 947 2370 copulam
971 2290 1169 2351 coniciantur.
1216 2292 1290 2371 quid
1315 2301 1382 2366 est,
1413 2312 1472 2354 oro

240 2418 307 2471 uos,
331 2417 385 2457 cur
408 2397 545 2476 separari
568 2394 714 2477 uoluptas
738 2396 886 2458 auirtute
901 2416 965 2456 non
980 2397 1101 2476 possit?
1125 2396 1270 2458 uidelicet
1285 2399 1359 2478 quia
1375 2419 1473 2461 omne

201 2518 227 2558 20
241 2505 334 2565 bonis
357 2524 400 2564 ex
424 2505 538 2564 uirtute
561 2504 744 2583 principium
769 2512 825 2576 est,
849 2523 891 2564 ex
915 2501 1004 2564 huius
1027 2503 1183 2565 radicibus
1207 2505 1302 2567 etiarn
1318 2525 1366 2581 ea,
1391 2527 1472 2588 quae

241 2630 300 2671 uos
323 2618 354 2670 et
378 2610 490 2670 amatis
514 2619 546 2671 et
570 2610 725 2690 expetitis,
749 2610 907 2671 oriuntur?
954 2610 1011 2671 sed
1034 2610 1060 2671 si
1082 2610 1141 2671 ista
1163 2610 1332 2672 indiscreta
1356 2621 1472 2687 essent,

173 2708 179 2720 ’
241 2736 304 2777 non
328 2716 506 2777 uideremus
529 2717 688 2796 quaedam
711 2717 854 2790 iucunda,
878 2717 1019 2778 sednon
1043 2715 1186 2792 honesta,
1211 2718 1370 2798 quaedam
1395 2739 1472 2781 uero

240 2822 469 2896 honestissima,
493 2823 549 2884 sed
574 2841 692 2903 aspera,
716 2842 774 2902 per
796 2821 923 2883 dolores
947 2823 1114 2903 exigenda.
1153 2824 1243 2885 adice
1265 2845 1357 2900 nunc,
1382 2826 1503 2907 quod2

143 2985 145 2990 .
196 2999 198 3007 Ι
241 2928 387 3012 uoluptas
411 2929 505 2989 etiam
529 2927 570 2989 ad
593 2929 691 2990 uitam
714 2929 927 3009 turpissimam
951 2929 1043 3004 uenit,
1068 2939 1101 2992 at
1124 2930 1220 2992 uirtus
1237 2931 1355 2993 malam
1373 2932 1471 2994 uitam

200 3048 226 3089 ²⁵
240 3057 305 3097 non
336 3036 482 3097 admittit.
530 3043 562 3096 et
592 3032 728 3096 infelices
759 3035 887 3115 quidam
915 3055 980 3096 non
1003 3036 1068 3097 sine
1092 3035 1270 3118 uoluptate,
1302 3039 1404 3100 immo
1427 3039 1478 3123 ob,

240 3145 341 3222 ipsam
366 3142 562 3222 uoluptatem
586 3151 673 3216 sunt,
704 3143 793 3224 quod
815 3161 880 3203 non
904 3142 1057 3218 eueniret,
1088 3143 1114 3203 si
1136 3144 1242 3205 uirtuti
1265 3163 1300 3206 se
1322 3144 1473 3228 uoluptas

241 3249 462 3325 inmiscuisset‚
494 3269 557 3330 qua
580 3250 677 3311 uirtus
700 3268 796 3329 saepe
819 3257 919 3324 caret,
943 3269 1116 3330 numquam
1140 3251 1284 3331 indiget.¹
1305 3252 1384 3333 quid
1407 3254 1506 3316 dis-3

243 3460 256 3510 1
277 3465 429 3525 noctemq;÷
449 3458 511 3528 (fuit
529 3459 586 3526 que)
606 3460 698 3509 titillari
718 3459 737 3526 (i
756 3465 882 3513 extrema
900 3460 928 3512 t‘n
947 3459 1013 3528 rat.)
1104 3461 1126 3514 2·
1138 3462 1196 3512 uelit
1215 3468 1238 3513 et
1251 3460 1312 3519 eod.
1325 3468 1352 3516 et
1363 3468 1475 3518 ueteres

242 3546 388 3616 editiones,
414 3551 472 3599 uelit
496 3549 596 3602 omisso
621 3556 644 3598 et
663 3547 753 3618 Balad,
779 3546 906 3616 Fickert,
932 3547 1026 3602 Haase
1150 3549 1287 3617 aquoqm
1306 3553 1385 3618 inquit
1403 3553 1426 3619 (t
1445 3553 1476 3606 in

242 3639 309 3704 ras.)
398 3637 544 3704 4sedeatq;
567 3640 628 3704 (atq;
649 3636 676 3702 ire
695 3640 762 3700 ras.)
782 3639 883 3687 luxurie
974 3639 1076 3704 impleat
1165 3639 1315 3692 bomnibus
1333 3657 1382 3707 que

242 3724 404 3778 7immineat
501 3728 630 3791 presenti*
650 3723 770 3791 (uidetur
789 3743 800 3775 s
816 3723 915 3794 fuisse)
1020 3725 1055 3780 10
1073 3728 1186 3778 obfutura
1204 3726 1263 3783 El:
1284 3730 1364 3781 futura
1438 3730 1442 3734 ’

242 3815 274 3867 11
295 3814 422 3880 appetunt
442 3814 531 3886 (prior
549 3834 566 3880 p
584 3815 612 3868 t'n
630 3814 698 3881 res.)
789 3814 824 3867 12
843 3816 985 3881 amicusq3e
1077 3814 1109 3868 13
1128 3832 1229 3868 omnem
1246 3818 1388 3885 habitemq3
1409 3818 1474 3873 eod.

241 3901 315 3957 unde
331 3921 431 3954 omnem
450 3911 538 3954 statum
558 3902 615 3971 (uel
631 3903 755 3970 ordinem)
775 3905 936 3971 habitumque
949 3901 1106 3973 effecerunt,
1124 3904 1176 3959 sed
1187 3910 1262 3960 recte
1272 3902 1357 3976 utelqo
1369 3922 1474 3979 omnem

242 3993 356 4042 habitum
441 3993 474 4045 14
493 3995 577 4043 uidem
596 3990 730 4057 Muretus,
752 3988 848 4046 Gertz:
869 3994 936 4043 unet
1019 3999 1043 4043 et
1061 3994 1087 4042 in
1104 3994 1171 4044 uinis
1182 3991 1315 4065 Maeuia:
1335 4001 1360 4046 et
1378 3997 1404 4046 u
1423 3980 1475 4053 itus

135 4066 139 4071 ’
361 4083 472 4132 dixerunt
499 4078 596 4134 Curio:
623 4082 727 4130 dixerint
806 4074 811 4080 ’
848 4081 880 4134 15
906 4082 965 4132 illud
991 4083 1018 4149 (d
1038 4083 1121 4146 coer.)
1243 4083 1276 4137 16
1302 4084 1387 4136 diduci
1405 4082 1475 4140 Pin·

242 4169 353 4223 et'enes:
375 4172 464 4220 deduci
555 4169 587 4222 16
607 4173 634 4222 et
654 4168 686 4221 17
706 4171 810 4218 iucunde
829 4171 855 4237 (u
870 4185 916 4239 pr.
936 4169 964 4223 eit
982 4188 998 4221 o
1018 4177 1093 4236 corr.)
1185 4170 1218 4226 18
1237 4174 1283 4223 ista
1301 4180 1354 4224 tam
1373 4175 1500 4236 diuersa,

242 4254 382 4312 Muretus:
404 4260 473 4310 istae
494 4257 557 4327 (suit
574 4263 604 4311 ut
621 4256 732 4311 uidetur
750 4259 835 4322 istam)
856 4259 952 4308 diuersa
1024 4258 1058 4313 22
1077 4261 1228 4328 iucundam
1241 4277 1290 4332 pr.
1308 4261 1337 4314 in
1355 4266 1474 4332 οσανν.)

348 4348 392 4398 sed
416 4365 465 4398 non
485 4348 588 4397 honesta
607 4345 635 4400 Ε
642 4350 663 4397 ¹:
691 4347 736 4396 sed
753 4347 856 4397 honesta
982 4346 1015 4401 23
1041 4349 1213 4400 honestlssime
1232 4347 1397 4405 deterreres:
1426 4354 1475 4404 ho·

242 4437 378 4487 nestissime
