3046 5092
568 929 598 996 u.
623 928 762 997 Auum
786 925 952 997 saulum

355 1077 793 1175 DlALOGORVM
834 1079 1031 1174 LIBER
1064 1081 1172 1175 Xll.

645 1289 693 1336 AD
714 1288 888 1337 POLl'lllVM

610 1426 648 1480 ul
675 1426 921 1483 colsuhltlorlu.

131 1711 139 1762 l
240 1699 262 1761 l.
296 1699 367 1780 [20]
393 1698 451 1725 Μ
476 1707 602 1762 nostrae
625 1719 787 1780 conpares
811 1698 901 1761 firma
925 1707 996 1760 sunt
1008 1725 1022 1786 ι.
1048 1700 1073 1761 si
1097 1699 1220 1780 redigas
1243 1702 1284 1761 ad
1302 1721 1375 1762 con-

154 1807 309 1868 dicionem
341 1814 469 1867 naturae
499 1808 606 1867 omnia
638 1806 826 1867 destruentis
850 1816 881 1867 et
905 1807 989 1868 unde
1013 1808 1111 1868 edidit
1142 1807 1256 1868 eodem
1286 1828 1376 1869 reuo-

151 1913 258 1986 cantis‚
283 1914 403 1975 caduca
426 1922 505 1974 sunt.
544 1914 618 1992 quid
641 1914 723 1974 enim
740 1913 906 1974 inmortale
923 1933 1033 1974 manus
1050 1914 1200 1975 mortales
1217 1912 1376 1975 lecerunt?

149 2030 277 2101 septem
308 2019 359 2080 illa
391 2018 538 2081 miracula
567 2028 598 2081 et
630 2021 655 2081 si
685 2041 748 2101 qua
771 2018 819 2080 his
842 2019 943 2081 multo
967 2020 1156 2081 mirabiliora
1178 2022 1376 2101 sequentium

147 2147 308 2189 annorum
332 2127 474 2187 extruxit
490 2124 630 2201 ambitio
653 2125 821 2207 aliquando
838 2125 907 2188 solo
924 2135 1059 2206 aequata
1081 2127 1227 2188 uisentur.
1257 2130 1301 2189 ita
1321 2136 1376 2202 est,
1405 2147 1417 2184 s

146 2232 223 2294 nihil
248 2241 447 2313 perpetuum,
469 2252 571 2312 pauca
594 2234 740 2294 diuturna
762 2241 842 2294 sunt
889 2232 973 2293 aliud
996 2233 1056 2295 alio
1081 2235 1180 2294 modo
1197 2232 1305 2313 fragile
1322 2244 1377 2295 est.

107 2355 124 2408 2
144 2360 256 2402 rerum
281 2340 385 2400 exitus
409 2339 574 2420 uariantur,
598 2348 738 2401 ceterum
762 2339 912 2420 quidquid
930 2340 1034 2422 coepit
1048 2334 1082 2401 'et
1099 2340 1211 2401 desinit
1257 2342 1377 2401 mundo

144 2447 281 2529 quidam
307 2447 463 2508 minantur
486 2447 645 2508 interitum
670 2454 702 2507 et
725 2445 788 2507 hoc
811 2447 1003 2520 uniuersum,
1031 2447 1118 2526 quod
1143 2447 1250 2508 omnia
1273 2447 1377 2508 diuina

143 2554 353 2634 humanaque
377 2552 592 2633 conplectitur,
615 2553 640 2613 si
663 2551 709 2613 sas
730 2561 822 2633 putas
844 2540 982 2626 credere,
1008 2553 1074 2613 dies
1090 2551 1198 2632 aliquis
1214 2553 1378 2632 dissipabit

145 2669 184 2723 et
208 2660 238 2720 in
263 2658 480 2721 confusionem
504 2668 645 2721 ueterem
663 2659 874 2740 tenebrasque
890 2660 1075 2739 demerget:
1102 2667 1154 2720 eat
1171 2679 1253 2720 nunc
1267 2658 1376 2739 aliquis
1394 2678 1417 2717 ru
1457 2645 1462 2652 ⁸

146 2777 185 2829 et
200 2766 339 2847 singulas
356 2765 520 2848 conploret
536 2766 665 2826 animas.
700 2765 897 2845 Carthaginis
913 2786 951 2826 ac
967 2765 1155 2827 Numantiae
1173 2765 1377 2847 Corinthique

146 2873 289 2935 cinerem
314 2880 346 2934 et
368 2873 394 2934 si
418 2873 493 2953 quid
517 2872 608 2933 altius
632 2872 753 2946 cecidit,
777 2871 974 2947 lamentetur,
999 2891 1070 2933 cum
1095 2873 1190 2933 etiam
1212 2873 1275 2934 hoc
1290 2874 1377 2952 quod

146 2979 354 3053 nonhabet,
378 2999 442 3059 quo
466 2981 568 3053 cadat,
591 2979 631 3040 sit
654 2980 867 3040 interiturum:
902 2987 954 3039 eat
977 2977 1085 3060 aliquis
1110 2989 1142 3040 et
1165 2978 1230 3040 fata
1253 2987 1376 3041 tantum

105 3101 124 3152 3
148 3085 322 3166 aliquando
347 3084 433 3147 nefas
456 3105 569 3147 ausura
591 3086 650 3146 sibi
673 3105 737 3146 non
760 3086 939 3165 pepercisse
955 3094 1173 3166 conqueratur.
1207 3081 1282 3169 [aa]
1307 3086 1376 3164 quis

148 3203 221 3256 tam
251 3193 407 3275 superbae
437 3192 670 3273 inpotentisque
701 3192 907 3270 adrogantiae
938 3201 1002 3266 est,
1034 3201 1068 3253 ut
1099 3192 1129 3252 in
1160 3190 1220 3254 hac
1244 3201 1374 3253 naturae
1392 3211 1415 3250 u

149 3301 340 3361 necessitate
370 3299 477 3360 omnia
507 3300 549 3360 ad
581 3300 717 3360 eundem
742 3298 838 3360 finem
862 3301 1040 3361 reuocantis
1064 3319 1099 3361 se
1123 3319 1218 3360 unum
1243 3319 1280 3360 ac
1302 3320 1378 3361 suos

148 3406 264 3488 seponi
287 3404 362 3466 uelit
385 3405 553 3486 ruinaeque
577 3407 672 3466 etiam
696 3405 752 3485 ipsi
777 3406 897 3466 mundo
915 3407 1077 3468 inminenti
1092 3405 1228 3486 aliquam
1245 3406 1376 3468 domum

104 3527 126 3581 4
149 3511 340 3574 subtrahat?
379 3512 555 3573 maximum
580 3532 657 3592 ergo
682 3511 832 3573 solacium
857 3521 906 3573 est
929 3513 1069 3592 cogitare
1093 3512 1123 3572 id
1144 3511 1202 3573 sibi
1219 3513 1377 3587 accidisse,

150 3619 241 3700 quod
272 3630 385 3679 omnes
415 3626 489 3679 ante
519 3638 554 3680 se
577 3619 660 3699 passi
684 3631 755 3679 sunt
778 3638 953 3699 omnesque
976 3619 1105 3700 passuri.
1151 3631 1183 3680 et
1206 3620 1279 3680 ideo
1303 3618 1378 3680 mihi

151 3727 277 3787 uidetur
309 3745 413 3786 rerum
437 3734 563 3799 natura,
594 3727 682 3805 quod
706 3727 926 3805 grauissimum
950 3725 1038 3800 fecit,
1069 3746 1237 3787 commune
1262 3726 1378 3801 secisse,
1392 3742 1417 3782 u

152 3840 187 3894 ut
212 3833 431 3894 crudelitatem
455 3830 508 3893 fati
532 3831 748 3893 consolaretur
772 3832 952 3913 aequalitas.

263 4026 277 4077 ‘l
302 4008 350 4076 nie
369 4024 393 4078 B
411 4027 432 4074 si
451 4023 528 4078 uel)
546 4027 567 4075 si
585 4027 633 4074 uite
652 4026 696 4089 (m.
716 4026 742 4090 2)
764 4023 792 4078 Ε
897 4043 922 4075 re
940 4028 1028 4092 dignas
1048 4024 1074 4078 B
1187 4026 1203 4079 3
1229 4024 1379 4078 seceruntl)

147 4115 256 4167 fecerint
275 4112 330 4167 ΒΕ
415 4114 432 4167 4
457 4116 534 4164 multo
553 4112 640 4183 Neap.
660 4115 736 4163 multa
758 4112 837 4166 BDE
935 4114 950 4166 5
975 4132 1094 4165 annorum
1114 4132 1232 4164 annorum
1254 4113 1278 4166 B

152 4222 169 4276 9
196 4223 300 4287 antiquis
321 4220 345 4273 B
437 4220 469 4273 10
494 4237 556 4270 nunc
577 4218 630 4272 DE
645 4205 739 4271 nidll
834 4221 867 4272 12
892 4223 963 4270 altius
981 4219 1107 4273 Muretus
1126 4222 1193 4270 aliud
1212 4224 1282 4270 altius
1303 4220 1382 4274 BDE

281 4309 314 4362 19
338 4309 400 4360 oniis
424 4317 457 4361 an
475 4327 500 4359 se
525 4311 590 4374 passi
614 4315 668 4358 sunt
687 4309 767 4374 onisq;
794 4311 887 4374 passuri
909 4309 1007 4362 Bante
1031 4327 1056 4359 se
1080 4311 1145 4375 passi
1168 4317 1222 4360 sunt
1247 4328 1380 4376 omnesque

151 4401 249 4468 passuri
268 4397 322 4453 DE
410 4397 444 4451 20
463 4399 519 4448 lecit
540 4396 566 4450 Ε
574 4400 580 4432 ¹
600 4398 692 4448 lecerat
713 4396 792 4451 BDE
891 4427 894 4432 ·
