3046 5092
150 349 229 411 274
342 374 353 389 „
376 341 517 386 DlAthl.
546 343 588 382 AD
603 341 756 383 POLYBIVM
772 343 812 382 DE
827 343 1069 397 CONSOLATIONE.
1098 347 1118 388 3.
1133 347 1154 388 4.

149 460 246 551 nullo
272 487 368 553 fratre
400 490 664 570 degenerantem,
703 488 832 550 turbare
863 499 894 552 et
925 491 992 552 sine
1022 490 1084 553 ulla
1114 505 1208 587 causa
1239 489 1382 555 delibare

151 596 297 660 uoluisti?
336 595 411 658 nihil
442 617 520 678 ergo
551 598 683 678 prodest
706 597 884 658 innocentia
906 598 948 659 ad
972 595 1104 660 omnem'
1125 598 1231 678 legem
1256 608 1425 675 exacta,5

150 703 225 765 nihil
256 703 386 783 antiqua
413 701 590 782 frugalitas,
621 701 695 764 nihil
718 701 872 765 felicitatis
896 724 1039 766 summae
1062 705 1221 786 potentia,
1254 704 1382 767 summa

151 820 339 872 conseruata
362 799 557 885 abstinentia,
582 808 655 870 nihil
678 810 815 873 sincerus
836 820 869 873 et
890 819 976 873 tutus
992 811 1163 874 litterarum
1179 832 1282 887 amor,
1306 811 1380 874 nihil

123 917 193 979 sab
218 917 305 979 omni
327 915 400 977 labe
424 936 513 978 mens
536 920 670 978 uacans?
706 915 969 998 lugetPolybiuS,
993 926 1025 978 et
1048 920 1078 978 in
1102 938 1165 980 uno
1189 917 1286 980 fratre
1302 919 1380 999 quid

152 1026 194 1085 de
225 1023 348 1102 reliquis
378 1024 480 1103 possit
508 1030 649 1084 metuere
679 1024 861 1087 admonitus
891 1025 986 1086 etiam
1019 1023 1059 1085 de
1089 1025 1162 1106 ipsis
1187 1025 1309 1087 doloris
1333 1026 1380 1087 sui

151 1130 274 1192 solaciis
304 1132 403 1192 timet.
450 1128 567 1191 lacinus
597 1130 779 1209 indignum!
799 1188 800 1191 ,
821 1130 908 1212 luget
931 1130 1082 1211 Polybius
1105 1140 1138 1192 et
1161 1130 1280 1212 aliquid
1304 1153 1378 1213 pro-

152 1239 230 1318 pitio
262 1236 349 1299 dolet
373 1235 516 1300 Caesare.
562 1236 625 1297 hoc
654 1237 722 1298 sine
753 1237 867 1313 dubio,
898 1239 1043 1320 inpotens
1075 1237 1210 1314 fortuna,
1234 1240 1378 1321 captasti,

153 1352 188 1407 ut
219 1345 405 1406 ostenderes
436 1343 595 1406 neminem
627 1324 747 1405 contra*
770 1342 818 1420 te,
849 1365 889 1406 ne
912 1367 931 1406 a
955 1345 1090 1408 Caesare
1121 1347 1250 1425 quidem
1284 1366 1380 1429 posse

115 1468 139 1507 ιθ
154 1450 290 1514 defendi.
1207 1513 1209 1516 ,

176 1556 180 1565 “
242 1556 297 1620 IV.
338 1553 413 1641 [23.]
445 1558 568 1620 Diutius
596 1577 743 1620 accusare
767 1559 831 1620 sata
854 1579 1038 1641 possumuS,
1067 1569 1190 1622 mutare
1214 1579 1279 1620 non
1304 1577 1407 1640 pos-1

153 1685 280 1727 sumus:
321 1672 407 1726 stant
438 1665 516 1755 dura
546 1674 579 1727 et
609 1664 821 1729 inexorabilia.
872 1687 977 1729 „nemo
1009 1666 1059 1728 illa
1089 1667 1250 1741 conuicio,
1282 1686 1378 1728 nemo

154 1771 238 1848 fletu,
261 1792 356 1834 nemo
380 1791 474 1834 causa
497 1781 616 1834 mouet.
654 1771 728 1834 nihil
744 1794 896 1854 umquam
913 1773 964 1834 ulli
980 1781 1113 1854 parcunt
1128 1793 1188 1834 nec
1203 1773 1379 1835 remittunt.

153 1879 287 1962 proinde
317 1899 484 1959 parcamus
513 1864 648 1939 lacrimis
678 1879 751 1941 nihil
780 1879 1023 1962 proficientibus
1069 1879 1186 1941 facilius
1210 1881 1294 1962 enim
1319 1901 1379 1941 nos

116 2007 140 2046 n
153 1984 194 2049 illi
219 1983 311 2047 dolor
333 1985 392 2046 iste
415 1985 529 2046 adiciet
552 2004 647 2063 quam
668 1984 755 2048 illum
771 1987 863 2049 nobis
879 1988 1016 2049 reducet.
1055 1989 1108 2066 qui
1124 1987 1149 2048 si
1165 2006 1224 2048 nos
1240 1995 1379 2066 torquet,

153 2112 217 2154 non
241 2092 378 2166 adiuuat,
401 2092 504 2173 primo
527 2111 655 2170 quoque
678 2100 824 2174 tempore
841 2094 1049 2174 deponendus
1065 2103 1114 2155 est
1130 2100 1162 2154 et
1178 2093 1219 2154 ab
1235 2093 1380 2155 inanibus

153 2198 274 2260 solaciis
302 2207 400 2278 'atque
430 2217 537 2259 amara
568 2199 705 2277 quadam
734 2199 861 2261 libidine
885 2199 1013 2261 dolendi
1036 2200 1158 2261 animus
1182 2200 1381 2282 recipiendus

154 2316 209 2367 est.
256 2325 330 2366 nam
349 2304 494 2366 lacrimis
525 2306 656 2380 nostriS,
687 2306 744 2367 nisi
774 2307 854 2368 ratio
885 2306 980 2368 finem
1011 2305 1133 2381 fecerit,
1164 2305 1291 2368 fortuna
1314 2327 1413 2378 non?

154 2411 254 2475 saciet.
301 2413 404 2474 omnis
435 2412 572 2492 agedum
604 2411 746 2474 mortalis
777 2413 997 2495 circumspice:
1031 2412 1118 2493 larga
1141 2413 1258 2492 ubique
1281 2412 1380 2475 flendi

116 2541 141 2580 au
156 2528 188 2581 et
211 2519 343 2581 adsidua
364 2519 492 2581 materia
508 2527 564 2580 est.
604 2516 698 2580 alium
714 2519 756 2580 ad
772 2520 965 2580 cotidianum
981 2539 1062 2599 opus
1078 2519 1236 2581 laboriosa
1252 2527 1380 2598 egestas

155 2625 376 2717 uocat,·alium
400 2625 531 2687 ambitio
555 2645 726 2705 numquam
750 2625 856 2706 quieta
875 2625 1028 2701 sollicitat,
1052 2624 1127 2686 alius
1144 2625 1275 2699 diuitias,
1299 2645 1380 2704 quas
1406 2674 1410 2685 .

156 2741 331 2813 optauerat,
354 2732 465 2794 metuit
488 2740 519 2793 et
542 2741 620 2795 uoto
643 2731 768 2795 laborat
790 2753 857 2807 suo,
882 2732 976 2794 alium
997 2732 1135 2794 solitudo
1154 2731 1258 2812 [alium
1275 2730 1377 2808 labor]

156 2847 299 2920 torquet,
330 2838 423 2900 alium
446 2859 572 2920 semper
595 2838 784 2900 uestibulum
808 2838 957 2901 obsidens
980 2838 1081 2901 turba.
1128 2838 1179 2900 hic
1201 2837 1321 2900 habere
1345 2858 1380 2899 se

157 2945 245 3008 dolet
275 2944 406 3019 liberoS,
437 2944 488 3005 hic
517 2946 698 3027 perdidisse.
745 2945 891 3006 lacrimae
913 2946 1005 3006 nobis
1029 2946 1161 3007 deerunt
1184 2954 1256 3007 ante
1281 2965 1413 3024 quam3

116 3071 142 3111 aa
157 3073 268 3114 causae
299 3051 435 3113 dolendi.
488 3071 552 3112 non
583 3051 686 3126 uides,
723 3051 848 3139 qualern
880 3052 971 3113 nobis
1002 3052 1099 3113 uitam
1131 3072 1235 3113 rerum
1267 3061 1381 3113 natura

63 3240 65 3244 ,
156 3159 342 3241 promiserit,
366 3177 447 3237 quae
470 3159 606 3238 primum
629 3159 823 3220 nascentium
846 3157 1011 3219 hominum
1034 3157 1143 3220 fletum
1168 3178 1236 3219 esse
1261 3157 1379 3220 uoluit?
1405 3224 1410 3231 ,

157 3265 218 3327 hoc
241 3266 392 3347 principio
416 3265 553 3338 edimur,
576 3264 647 3326 huic
670 3266 779 3339 omnis
795 3267 992 3343 sequentium
1016 3285 1171 3326 annorum
1196 3265 1277 3326 ordo
1302 3285 1378 3326 con-

157 3371 258 3434 sentit.
304 3374 348 3433 sic
371 3371 468 3433 uitam
491 3371 622 3451 agimus,
645 3371 781 3451 ideoque
805 3372 971 3434 moderate
994 3372 1025 3433 id
1047 3371 1112 3432 fieri
1129 3371 1226 3432 debet
1242 3391 1261 3432 a
1276 3372 1378 3446 nobiS,

158 3655 172 3706 1
198 3656 361 3719 degenerante
381 3652 406 3705 Β
495 3656 594 3704 turbare
613 3652 638 3706 B
656 3656 801 3719 proturbare
820 3651 845 3706 Β
863 3655 1005 3718 perturbare
1024 3651 1052 3706 Ε
1144 3635 1255 3703 delibare
1274 3653 1301 3707 B
1320 3656 1380 3705 deli·
1404 3707 1408 3714 ,

157 3745 243 3793 berare
261 3741 316 3796 ΒΕ
438 3743 537 3808 5'quid
562 3745 593 3793 de
616 3745 714 3808 reliquis
733 3740 883 3796 Pincianus
901 3757 960 3795 cum
981 3740 1004 3795 G
1028 3744 1144 3808 quicquid
1163 3745 1194 3792 de
1213 3744 1310 3807 reliquis
1330 3740 1383 3796 ΒΕ

158 3834 272 3898 quicquid
291 3833 436 3897 derelinquis
456 3829 482 3883 B
572 3832 587 3885 6
607 3834 683 3897 possit
702 3839 767 3881 tuere
787 3829 812 3884 Ε
900 3831 915 3884 9
941 3849 986 3882 nec
1006 3849 1020 3881 a
1039 3833 1130 3882 Cesare
1148 3829 1176 3883 Ε
1264 3831 1298 3883 12
1322 3850 1380 3882 con·

159 3923 217 3970 uitio
238 3921 264 3975 B
354 3922 386 3974 13
412 3923 454 3971 ulli
472 3931 575 3986 parcunt
594 3920 620 3974 B
638 3929 740 3986 parcunt
758 3922 800 3970 ulli
819 3919 871 3972 DE
959 3921 993 3973 14
1018 3939 1063 3971 nos
1082 3923 1117 3971 illi
1137 3922 1209 3972 dolor
1227 3924 1272 3971 iste
1290 3924 1380 3972 adiciet

158 4008 231 4073 quim
251 4012 319 4059 illum
338 4012 410 4060 nobis
427 4013 526 4060 reducet
541 4008 621 4064 Curio
640 4029 685 4061 nos
703 4013 750 4060 illis
768 4012 841 4060 dolor
853 4012 897 4060 iste
910 4011 1001 4060 adiciet
1012 4028 1087 4076 quam
1101 4012 1156 4060 illos
1169 4028 1183 4058 a
1197 4012 1269 4060 nohis
1283 4013 1380 4061 reducet

160 4096 185 4150 B
203 4115 247 4147 nos
266 4099 321 4148 illos
340 4100 412 4149 dolor
431 4100 521 4148 adiciet
539 4117 613 4164 quam
632 4101 685 4148 illas
704 4117 719 4148 a
737 4100 809 4149 nobis
832 4100 946 4148 reducent
965 4097 990 4152 Β
1008 4117 1053 4149 nos
1072 4101 1120 4149 illis
1139 4101 1211 4149 dolor
1224 4101 1268 4149 iste
1282 4102 1381 4165 adictiet

158 4189 208 4250 quit
226 4188 281 4236 illos
301 4188 327 4254 (o
346 4188 374 4240 in
386 4189 454 4254 ras.)
475 4205 489 4238 a
508 4190 580 4238 nobis
600 4190 698 4247 reducet
711 4187 738 4240 Ε
801 4233 804 4239 .
827 4188 858 4241 15
877 4190 943 4237 sinos
957 4187 983 4241 Β
1073 4189 1105 4241 17
1126 4190 1158 4238 ad
1171 4206 1243 4254 quem
1258 4205 1343 4238 amara
1360 4187 1381 4240 Ι)

257 4279 388 4342 -quamda3
408 4279 513 4330 libidine
532 4276 558 4330 B
668 4276 699 4329 18
724 4279 769 4327 nisi
789 4276 816 4330 B
835 4275 937 4345 (sedni
955 4277 983 4329 in
1002 4279 1113 4344 rasura)
1134 4280 1203 4328 nesi
1223 4275 1277 4331 ΒΕ

165 4366 192 4419 ltl
212 4368 275 4418 ouiis
294 4369 416 4432 agendum
436 4369 552 4417 mortales
574 4367 725 4432 Bquamuis
744 4368 865 4432 agendum
884 4369 915 4416 sit
934 4369 1050 4417 mortales
1072 4365 1122 4419 ΒΕ
1215 4366 1249 4419 22
1274 4367 1380 4416 solitudo

160 4457 243 4525 {aliun
263 4456 345 4524 raum]
365 4454 458 4525 haupt
477 4458 624 4525 sollicitudo,
645 4457 718 4506 auum
737 4458 809 4506 rabor
832 4453 909 4529 BDE
1232 4436 1236 4444 “
