3046 5092
234 331 298 391 262
379 323 458 365 DIAL.
475 322 514 364 XI.
544 322 585 362 AD
601 321 736 362 HELVIAM
753 321 883 362 MA'I'REM
899 321 939 360 DE
954 320 1196 362 CONSOLATIONE.
1227 322 1308 363 1213.

233 471 342 532 dotem
374 477 580 550 acceperunt,
610 468 683 549 quia
713 465 786 529 nihil
817 466 873 529 illis
905 466 1072 546 reliquerat
1102 477 1199 548 pater.
1246 486 1383 547 aequum
1408 487 1460 528 me

232 575 373 638 hercules
397 585 464 637 erat
487 573 640 657 populum
656 575 839 635 Romanum
863 574 1015 635 tributum
1033 571 1171 655 Scipioni
1192 572 1292 635 semel
1308 572 1460 648 conferre,

231 704 303 746 cum
335 703 353 743 a
385 681 576 761 Carthagine
607 701 733 761 semper
764 681 915 760 exigeret.
969 700 989 741 o
1021 678 1125 741 felices
1157 681 1241 741 uiros
1275 679 1460 761 puellarum,

231 784 344 869 quibus
367 787 501 869 populus
524 788 689 849 Romanus
712 787 784 849 loco
807 786 908 848 soceri
931 784 1006 847 fuit!
1041 787 1239 848 beatioresne
1262 788 1342 848 istos
1358 797 1460 868 putas

205 913 366 976 squorum
401 893 617 976 pantomimae
649 895 753 956 decies
784 893 930 955 sestertio
961 893 1098 967 nubunt,
1137 913 1232 974 quam
1266 891 1459 973 Scipionem,

231 1002 317 1064 cuius
340 1001 428 1063 liberi
451 1021 470 1062 a
492 1009 611 1074 senatu,
642 993 747 1062 tutore
770 1021 837 1072 suo,
861 1001 891 1060 in
915 1001 1026 1061 dotem
1050 1021 1104 1061 aes
1128 1004 1224 1080 graue
1247 1003 1459 1082 acceperunt?

232 1109 420 1198 dedignatur
451 1107 559 1188 aliquis
591 1116 827 1189 paupertatem,
860 1107 946 1168 culus
975 1117 1040 1168 tam
1064 1106 1166 1168 clarae
1190 1106 1343 1186 imagines
1366 1110 1459 1168 sunt?
1498 1123 1521 1176 ’ῐ

231 1217 410 1296 indignatur
443 1212 516 1275 exul
547 1213 663 1294 aliquid
695 1214 752 1274 sibi
783 1214 913 1287 deesse,
952 1233 1025 1274 curn
1056 1211 1190 1274 desuerit
1220 1211 1360 1293 Scipioni
1391 1214 1459 1288 doS,

232 1320 358 1402 Regulo
390 1320 635 1393 mercennariuS,
675 1319 822 1380 Menenio
854 1317 961 1394 funus,
1000 1340 1072 1380 cum
1104 1305 1251 1381 omnibus
1282 1318 1340 1381 illis
1372 1321 1460 1398 quod

194 1443 217 1482 ¹⁰
232 1430 349 1503 deerat,
374 1429 446 1489 ideo
470 1425 633 1489 honestius
656 1424 836 1506 suppletum
860 1427 907 1500 sit,
932 1428 1006 1506 quia
1029 1424 1191 1488 defuerat?
1229 1425 1276 1486 his
1300 1445 1379 1506 ergo
1404 1427 1458 1487 ad-

232 1536 352 1598 uocatis
375 1554 439 1595 non
462 1542 586 1594 tantum
610 1541 679 1594 tuta
702 1542 757 1606 est,
781 1533 838 1593 sed
863 1533 958 1593 etiam
983 1534 1122 1612 gratiosa
1145 1542 1324 1614 paupertas,

321 1641 405 1703 XIII.
451 1637 649 1719 Responderi
680 1648 805 1719 potest:
839 1639 914 1719 quid
947 1638 1113 1700 artificiose
1136 1640 1195 1700 ista
1217 1640 1354 1714 diducis,
1378 1649 1482 1721 quael

150 1751 152 1756 ’
233 1747 355 1829 singula
385 1747 528 1808 sustineri
555 1754 705 1826 possunt,
736 1744 861 1807 conlata
884 1765 949 1805 non
972 1749 1126 1826 possunt?
1166 1747 1375 1808 commutatio
1399 1745 1457 1808 loci

233 1853 405 1917 tolerabilis
433 1861 497 1927 est,
528 1854 552 1913 si
582 1860 705 1917 tantum
729 1851 834 1913 locum
858 1861 970 1913 mutes,
1016 1863 1184 1934 paupertas
1208 1851 1379 1914 tolerabilis
1404 1862 1456 1928 est,

196 1975 219 2014 ¹5
233 1963 258 2023 si
281 1960 452 2041 ignominia
475 1958 570 2033 absit,
593 1979 674 2039 quae
698 1957 747 2019 uel
771 1957 838 2019 sola
862 1959 1040 2040 opprimere
1063 1959 1186 2019 ammos
1209 1957 1299 2021 solet.
1347 1960 1484 2022 adum-2

234 2090 286 2130 sus
309 2067 392 2128 hunc
415 2066 553 2147 quisquis
577 2085 628 2125 me
652 2064 807 2127 malorum
831 2065 924 2127 turba
947 2064 1085 2140 terrebit,
1108 2064 1155 2127 his
1178 2065 1282 2128 uerbis
1306 2067 1458 2128 utendum

235 2175 311 2235 erit:
345 2174 370 2234 si
402 2181 512 2234 contra
545 2171 815 2251 unamquamlibet
845 2181 968 2253 partem
991 2171 1135 2234 fortunae
1158 2171 1234 2233 satis
1254 2171 1314 2234 tibi
1337 2172 1458 2235 roboris

234 2290 290 2354 est,
314 2281 399 2340 idem
424 2281 575 2340 aduersus
598 2279 700 2340 omnis
724 2279 788 2340 erit.
835 2298 907 2339 cum
931 2278 1029 2340 semel
1052 2279 1191 2340 animum
1215 2279 1312 2340 uirtus
1336 2279 1457 2340 indura·
1515 2318 1518 2326 -

234 2388 285 2461 uit,
310 2387 447 2466 undique
470 2385 728 2447 inuoluerabilem
752 2395 910 2466 praestat:
941 2386 966 2448 si
989 2386 1118 2468 auaritia
1140 2386 1264 2460 dImisit,
1288 2385 1457 2447 uehemen-

193 2507 219 2546 20
234 2495 353 2555 tISSIma
376 2493 499 2572 generis
522 2491 651 2553 humani
673 2493 786 2572 pestis,
816 2512 939 2553 moram
963 2491 1020 2554 tibi
1043 2491 1176 2553 ambitio
1200 2512 1264 2553 non
1287 2491 1389 2554 faciet
1435 2493 1460 2554 si
1511 2512 1518 2518 ·

233 2599 374 2662 ultimum
407 2601 490 2661 diem
522 2619 586 2660 non
618 2600 707 2678 quasi
737 2619 891 2679 poenam,
922 2600 979 2663 sed
1010 2600 1098 2678 quasi
1121 2608 1251 2661 naturae
1275 2597 1382 2679 legem
1406 2601 1459 2661 ad-

233 2708 343 2788 spicis,
376 2727 417 2766 ex
448 2726 511 2786 quo
543 2714 673 2786 pectore
706 2714 826 2766 metum
858 2706 968 2766 mortis
999 2705 1141 2780 elecem,
1172 2705 1202 2766 in
1226 2705 1258 2768 id
1282 2704 1395 2786 nullius
1417 2706 1460 2767 rei

234 2814 328 2875 timor
359 2812 488 2873 audebit
518 2812 641 2873 intrare.
687 2813 712 2872 si
743 2813 864 2891 cogitas
895 2812 1055 2873 libidinem
1084 2831 1148 2872 non
1171 2810 1343 2893 uoluptatis
1367 2824 1493 2876 causa3

233 2919 352 2981 homini
375 2920 500 2992 datam,
531 2919 589 2979 sed
612 2918 810 2998 propagandi
834 2916 973 2998 generiS,
1003 2938 1098 2997 quem
1123 2938 1187 2978 non
1211 2916 1375 2980 uiolauerit
1399 2918 1461 2980 hoc

193 3039 219 3078 25
233 3034 390 3086 secretum
415 3034 447 3086 et
471 3023 602 3085 infixum
627 3024 796 3085 uisceribus
819 3025 893 3105 ipsis
917 3024 1063 3098 exitium,
1095 3025 1199 3085 omnis
1223 3023 1283 3085 alia
1306 3025 1462 3106 cupiditas

233 3134 384 3193 intactum
416 3129 606 3212 praeteribit.
653 3152 716 3191 non
747 3130 868 3211 singula
898 3132 973 3193 uitia
1003 3131 1099 3204 ratio,
1129 3129 1185 3192 sed
1214 3118 1331 3211 pariter
1354 3132 1463 3193 omnia

234 3238 421 3319 prosternit:
448 3239 680 3299 inuniuersum
705 3237 803 3299 semel
827 3239 967 3300 uincitur.
999 3237 1170 3318 igndminia
1190 3225 1333 3318 tu'putas
1348 3250 1496 3318 quem-l

234 3364 329 3424 quam
353 3346 527 3425 sapientem
553 3345 673 3406 moueri
696 3365 806 3426 posse,
839 3345 891 3424 qui
914 3345 1021 3405 omnia
1043 3345 1074 3404 iu
1097 3364 1131 3405 se
1155 3345 1312 3425 reposuit,
1343 3346 1397 3424 qui
1421 3345 1462 3407 ab

235 3450 433 3532 opinionibus
466 3449 553 3531 uolgi
584 3452 732 3512 secessit?
771 3451 840 3532 plus
869 3452 963 3513 etiam
988 3470 1083 3531 quam
1107 3450 1279 3530 ignominia
1301 3459 1351 3512 est
1375 3472 1463 3514 mors

194 3568 219 3606 ³⁰
233 3557 463 3637 ignominiosa:
502 3555 652 3619 Socrates
691 3567 798 3619 tamen
837 3558 951 3618 eodem
991 3555 1045 3626 illo
1082 3555 1187 3630 uoltu,
1230 3576 1295 3637 quo
1333 3550 1464 3637 triginta

234 3673 388 3743 tyrannos
410 3662 496 3723 solus
520 3663 689 3742 aliquando
714 3665 743 3723 in
767 3665 911 3726 ordinem
937 3663 1118 3742 redegerat,
1150 3682 1310 3724 carcerem
1334 3644 1462 3726 intrauit

211 3766 438 3849 'ignominiam
477 3769 535 3852 ipsi
572 3768 644 3831 loco
684 3771 888 3832 detracturus.
935 3790 1038 3850 neque
1076 3769 1159 3831 enim
1196 3776 1325 3849 poterat
1355 3790 1463 3833 carcer

235 4016 248 4066 1
276 4033 379 4079 aequum
399 4016 537 4065 mehercule
556 4013 602 4068 uel
618 4015 769 4066 mehercules
788 4015 951 4070 deteriores:
973 4018 1036 4082 equd
1053 4015 1163 4065 hercules
1253 4016 1270 4069 2
1290 4019 1331 4070 .P.
1339 4019 1370 4072 R.

234 4157 249 4209 5
275 4115 410 4222 palomime
450 4214 454 4222 Ι
502 4157 517 4210 6
543 4102 728 4208 cullldeblsenatu
836 4158 852 4211 7
877 4161 968 4209 claras
1081 4157 1098 4210 8
1123 4159 1189 4208 exsul
1304 4157 1320 4210 9
1349 4161 1463 4225 regulo*

327 4244 357 4297 l3
376 4249 511 4296 comutatio
604 4246 635 4299 15
656 4249 725 4296 abest
746 4245 827 4299 Gertz
918 4250 950 4301 21
976 4252 1041 4313 pena
1132 4249 1220 4312 aspicIs
1311 4246 1345 4300 22
1370 4254 1462 4299 melum

234 4337 319 4384 mortis
344 4333 404 4387 cod.
424 4338 509 4386 mortis
528 4343 619 4386 metum
639 4335 769 4390 editiones
789 4337 930 4405 autiquae,
956 4343 1047 4386 metum
1066 4334 1178 4389 Fickert
1197 4342 1223 4388 et
1241 4333 1336 4390 Haase

235 4424 266 4476 31
291 4425 399 4474 tirannos
