3046 5092
159 305 201 365 38
452 344 456 350 .
538 297 617 340 DlAL.
634 297 674 338 ΙΙΙ.
690 297 730 336 DE
746 297 797 335 lRA
813 297 866 337 LlB.
885 297 900 338 l.
916 301 936 339 2.
952 302 971 339 3.

159 445 280 505 moriae
302 443 448 523 proditos
473 443 579 517 duces,
603 441 675 502 mali
700 441 849 523 exempla
872 441 944 503 sati:
972 442 1068 502 alium
1092 443 1137 503 ira
1160 443 1191 503 in
1215 443 1309 504 cubili
1332 464 1391 505 suo

160 549 311 623 confodit,
335 550 430 610 alium
454 550 534 609 intra
556 569 645 609 sacra
669 568 797 609 mensae
821 549 887 608 iura
901 550 1063 629 percussit,
1087 548 1182 610 alium
1199 550 1280 623 inter
1303 549 1391 630 leges

160 655 354 735 celebrisque
378 654 592 736 spectaculum
624 654 682 715 sori
712 654 887 729 lancinauit,
917 654 1011 715 alium
1036 653 1089 715 filii
1119 655 1290 737 parricidio
1314 658 1391 718 dare

75 815 77 819 .
159 762 344 840 sanguinem
377 761 479 834 iussit,
516 760 609 821 alium
641 761 743 821 seruili
782 781 876 821 manu
915 760 1055 840 regalem
1086 763 1208 842 aperire
1238 762 1390 842 iugulum,

120 887 131 923 s
160 867 254 928 alium
278 868 308 927 in
333 887 424 928 cruce
447 866 593 927 membra
616 867 805 928 distendere.
845 876 877 927 et
898 865 1001 928 adhuc
1022 865 1217 946 singulorum
1238 868 1391 948 supplicia

160 993 272 1034 narro:
314 974 398 1053 quid,
436 973 461 1033 si
493 971 548 1033 tibi
579 972 702 1033 libuerit
734 972 846 1034 relictis
876 973 905 1033 in
937 993 1018 1052 quos
1053 973 1098 1033 ira
1128 974 1242 1034 uiritim
1272 975 1391 1035 exarsit

158 1081 321 1159 adspicere
345 1098 452 1140 caesas
476 1077 583 1158 gladio
616 1080 778 1140 contiones
810 1088 842 1139 et
872 1077 1000 1159 plebem
1031 1079 1160 1140 inmisso
1192 1079 1290 1141 milite
1314 1100 1387 1141 con-

158 1186 347 1247 trucidatam
386 1194 418 1245 et
450 1185 480 1245 in
518 1184 686 1265 perniciem
726 1185 938 1265 promiscuam
977 1193 1065 1245 totos
1102 1185 1240 1266 populos
1280 1187 1389 1267 capitis

158 1293 326 1352 damnatos
350 1322 420 1356 *r*

120 1422 142 1462 ιο
248 1429 319 1463 *Η
335 1406 499 1476 tamquam
513 1405 567 1457 aut
580 1416 685 1457 curam
703 1405 844 1457 nostram
861 1396 1078 1458 deserentibus
1094 1406 1149 1458 aut
1165 1399 1387 1460 auctoritatem

159 1504 443 1565 contemnentibus.
490 1503 586 1582 quid?
623 1503 851 1583 gladiatoribus
889 1524 986 1583 quare
1017 1503 1153 1584 populus
1184 1505 1326 1566 irascitur
1357 1516 1387 1567 et

157 1620 223 1671 tam
248 1610 366 1690 inique,
399 1618 434 1670 ut
465 1610 605 1670 iniuriam
630 1619 736 1690 putet,
768 1611 857 1690 quod
880 1631 944 1670 non
968 1609 1103 1671 libenter
1126 1615 1280 1690 pereunt?
1312 1632 1385 1673 con-

157 1718 256 1777 temni
279 1737 313 1777 se
330 1717 446 1778 iudicat
470 1726 501 1777 et
519 1716 615 1791 uoltu,
639 1727 740 1797 gestu,
764 1717 878 1777 ardore
893 1737 912 1777 a
928 1725 1108 1798 spectatore
1124 1717 1154 1776 in
1171 1719 1386 1779 aduersarium

157 1825 293 1884 uertitur.
332 1822 483 1904 quidquid
507 1832 555 1884 est
578 1822 649 1898 tale,
673 1844 737 1884 non
761 1832 809 1884 est
832 1824 884 1897 ira,
908 1822 964 1883 sed
989 1826 1077 1903 quasi
1099 1815 1150 1897 ira,
1174 1823 1254 1884 sicut
1270 1845 1384 1905 puero-

119 1952 143 1991 ιε)
159 1950 237 2005 rum,
261 1931 314 2008 qui
330 1911 362 1991 'si
386 1930 574 2004 ceciderunt,
598 1939 713 1991 terram
739 1930 897 1991 uerberari
921 1929 1031 1991 uolunt
1055 1938 1086 1990 et
1102 1950 1198 2010 saepe
1221 1950 1262 1990 ne
1286 1933 1386 1992 sciunt

157 2037 295 2116 quidem,
320 2057 374 2098 cur
397 2037 575 2110 irascantur,
608 2038 664 2098 sed
696 2045 820 2097 tantum
844 2037 1025 2111 irascuntur,
1057 2037 1122 2096 sine
1146 2056 1241 2096 causa
1265 2044 1298 2097 et
1320 2038 1386 2099 sine

157 2144 274 2216 iniuria,
298 2163 363 2203 non
380 2152 488 2204 tamen
503 2145 570 2203 sine
587 2141 690 2223 aliqua
713 2144 841 2204 iniuriae
858 2144 963 2222 specie
987 2163 1045 2204 nec
1061 2145 1127 2204 sine
1143 2142 1246 2222 aliqua
1261 2163 1386 2223 poenae

157 2250 337 2331 cupiditate.
392 2249 583 2310 deluduntur
618 2251 724 2329 itaque
755 2249 928 2328 imitatione
958 2248 1123 2330 plagarum
1163 2258 1195 2310 et
1233 2249 1385 2311 simulatis

157 2355 393 2437 deprecantium
409 2354 544 2417 lacrimis
567 2355 731 2436 placantur
747 2367 778 2417 et
802 2354 880 2417 falsa
895 2354 1015 2416 ultione
1038 2354 1132 2416 falsus
1149 2354 1242 2416 dolor
1257 2355 1384 2417 tollitur.

115 2483 141 2524 n
245 2461 295 2524 ΠΙ.
341 2462 518 2537 Irascimur,
549 2462 660 2541 inquit,
685 2483 779 2544 saepe
808 2483 873 2523 non
904 2461 1035 2541 illisqui
1067 2462 1236 2536 laeserunt,
1269 2464 1327 2522 sed
1351 2463 1384 2522 iis

154 2570 207 2649 qui
231 2568 342 2630 laesuri
365 2577 453 2630 sunt:
488 2578 522 2632 ut
551 2570 629 2630 scias
653 2569 730 2630 iram
754 2590 819 2630 non
843 2585 884 2630 ex
914 2568 1022 2629 iniuria
1044 2569 1137 2629 nasci.
1194 2588 1306 2629 uerum
1338 2577 1385 2631 est

155 2676 333 2737 irasci.nos
364 2676 508 2751 laesuris,
539 2677 597 2737 sed
630 2677 696 2758 ipsa
727 2676 921 2756 cogitatione
944 2696 1002 2736 nos
1026 2674 1163 2750 laedunt,
1188 2683 1219 2737 et
1243 2675 1384 2736 iniuriam

155 2783 207 2862 qui
231 2781 368 2843 facturus
392 2792 447 2857 est,
475 2783 538 2844 iam
563 2783 643 2845 lacit.
690 2792 724 2846 ut
747 2783 835 2857 scias,
858 2783 964 2862 inquit,
988 2802 1052 2843 non
1076 2801 1145 2842 esse
1166 2782 1243 2842 iram
1259 2801 1385 2861 poenae

155 2889 369 2968 cupiditatem,
389 2887 587 2952 infirmissimi
607 2910 703 2971 saepe
719 2888 943 2971 potentissimis
959 2890 1139 2949 irascuntur.
1171 2907 1230 2948 nec
1245 2908 1385 2967 poenam

114 3015 140 3056 n
156 2996 380 3077 concupiscunt
415 3015 510 3077 quam
542 3017 605 3058 non
641 3005 777 3078 sperant.
830 2996 966 3078 primum
1003 2995 1141 3056 diximus
1178 2994 1385 3075 cupiditatem

157 3122 226 3164 esse
265 3123 389 3183 poenae
428 3104 619 3184 exigendae,
658 3123 723 3164 non
761 3102 952 3164 facultatem.
1014 3102 1238 3182 concupiscunt
1276 3112 1385 3164 autem

155 3207 299 3270 homines
323 3219 355 3272 et
377 3230 459 3290 quae
481 3230 547 3270 non
568 3219 708 3292 possunt.
756 3210 870 3271 deinde
893 3229 989 3270 nemo
1014 3217 1080 3270 tam
1104 3208 1227 3269 humilis
1251 3218 1308 3284 est,
1333 3210 1386 3290 qui

156 3334 293 3395 poenam
326 3314 376 3377 uel
408 3316 522 3377 summi
554 3314 690 3377 hominis
719 3336 844 3397 sperare
874 3336 939 3376 non
969 3316 1088 3396 possit:
1122 3316 1164 3375 ad
1202 3317 1384 3377 nocendum

156 3429 303 3504 potentes
334 3441 449 3483 sumus.
497 3421 678 3483 Aristotelis
706 3421 805 3483 finitio
843 3443 907 3483 non
938 3421 1073 3482 multum
1102 3441 1120 3481 a
1150 3428 1260 3482 nostra
1282 3423 1384 3484 abest.

115 3547 141 3586 ³0
156 3527 199 3589 ait
237 3527 319 3589 enim
359 3528 436 3590 iram
476 3548 545 3591 esse
584 3529 787 3612 cupiditatem
820 3529 939 3591 doloris
970 3529 1152 3608 reponendi.
1198 3529 1273 3608 quid
1305 3529 1386 3590 inter

156 3642 297 3696 nostram
330 3644 361 3698 et
392 3633 474 3698 hanc
497 3634 670 3698 finitionem
694 3637 829 3712 intersit,
862 3637 978 3718 exequi
1007 3635 1138 3716 longum
1171 3645 1228 3696 est.
1273 3644 1386 3696 contra

155 3863 171 3916 2
191 3865 242 3913 mse
350 3865 401 3914 iura
421 3866 468 3932 (ira
488 3862 586 3935 Neap.)
606 3862 695 3917 aialim
716 3863 809 3919 (etrusca
828 3862 864 3934 cs.
889 3864 949 3919 Tac.
970 3881 1033 3918 careri.
1056 3868 1077 3929 1,
1092 3867 1125 3915 42
1145 3881 1216 3913 sacra
1234 3865 1382 3928 legationis;

157 3954 179 4013 2,
195 3955 227 4003 lib
241 3968 312 4002 suern
331 3955 413 4018 regnu
439 3956 478 4017 1³,
499 3956 528 4006 lli
548 3955 609 4005 inter
628 3970 698 4005 suoru
717 3971 829 4008 meusne:
854 3953 878 4008 V
878 3953 913 4008 al.
935 3953 1014 4008 Max.
1035 3958 1059 4014 5,
1073 3955 1126 4020 3,3
1146 3971 1161 4002 a
1179 3954 1256 4002 sacris
1273 3955 1388 4018 perfidae

156 4058 254 4091 mensae
369 4021 392 4094 tl
411 4042 476 4105 leges
495 4040 569 4113 quod
588 4049 627 4097 cst
646 4044 708 4093 inter
726 4044 792 4108 leges
805 4042 874 4108 cod,
893 4059 974 4114 luam
986 4043 1152 4113 scripturam
1165 4059 1182 4094 a
1194 4041 1386 4111 superioribus

155 4127 305 4182 editoribus
327 4128 390 4198 fera
415 4136 546 4185 retentum
570 4146 623 4186 uon
649 4137 690 4187 est
713 4146 763 4193 cur
788 4131 938 4186 aldefonsus
1064 4132 1079 4182 5
1100 4132 1237 4181 distendere
1256 4129 1383 4200 lipsius:

155 4219 284 4270 diffindere
382 4219 396 4272 'i'
417 4221 526 4285 aspicere
628 4224 645 4269 tl
664 4222 753 4287 cupitis
772 4222 902 4272 ‹lumnntos
921 4217 1049 4291 Maduip:
1072 4223 1159 4286 eapitis
1178 4222 1288 4285 dampna

127 4297 188 4358 '13
208 4308 273 4357 uultu
364 4307 389 4360 ll
411 4309 503 4375 qulch
592 4309 619 4361 lu
639 4325 681 4361 eur
703 4307 848 4364 dretturer:
871 4312 909 4364 eui
993 4310 1020 4364 Ιῖ
1039 4327 1101 4375 pene
1180 4309 1214 4361 20
1232 4316 1258 4360 et
1276 4309 1311 4362 23
1332 4312 1388 4377 inqt

156 4398 176 4461 (t
195 4397 279 4460 corr.)
388 4397 421 4451 ‘23
442 4403 468 4452 et
487 4397 520 4452 tlt
541 4414 602 4464 peno
711 4396 741 4453 ’,Ἰ
764 4400 842 4453 ueta
862 4403 927 4467 pent
