3046 5092
226 342 306 384 DlAL.
321 342 362 384 xl.
391 343 434 384 AD
448 343 583 417 numum
599 343 729 383 MATREM
745 343 786 383 DE
799 343 1043 390 CONSOLATlONE.
1071 350 1090 390 8.
1106 351 1126 393 tl,
1221 353 1285 413 255

12 486 186 551 terualla
209 496 242 550 et
266 508 375 550 causas
397 489 586 569 inuestigare
609 487 659 549 uel
682 489 767 550 ocius
784 490 910 551 meandi
927 489 976 552 uel
991 492 1119 566 tardius,
1143 485 1287 573 spectare

12 600 102 657 tot
134 617 192 677 per
222 604 352 658 noctem
383 595 489 658 stellas
521 594 663 657 micantis
695 605 727 658 et
754 595 831 671 alias
861 596 1042 671 inmobiles,
1072 597 1146 660 alias
1169 619 1233 660 non
1256 599 1287 659 in

17 711 209 783 nrag‘num
239 705 375 784 spatium
407 703 552 765 exeuntis
575 702 631 763 sed
655 702 735 763 intra
757 705 849 765 suum
873 723 908 765 se
931 704 1170 784 circumagentis
1193 705 1284 767 uesti-

26 810 150 890 gium,
172 811 326 891 quasdam
343 809 447 872 subito
463 809 664 890 emmpentis
679 810 834 890 quasdam
850 809 923 890 igne
938 809 1007 873 fuso
1022 812 1287 892 praestringentes

29 917 165 990 aciem,
187 916 276 997 quasi
299 916 455 989 decidant,
479 914 529 977 uel
551 915 650 995 longo
673 924 775 977 tractu
797 934 869 979 curn
894 915 962 978 luce
985 916 1085 978 multa
1104 926 1285 998 praeteruo-
1315 938 1327 975 5

38 1022 167 1098 lantes,
190 1025 267 1085 dum
291 1043 362 1084 cum
386 1022 434 1083 his
457 1023 516 1084 sim
540 1030 572 1084 et
595 1022 791 1096 caelestibus
814 1042 876 1103 qua
899 1023 1017 1086 homini
1033 1023 1079 1085 fas
1102 1033 1159 1098 est,
1182 1024 1286 1086 inmis-

46 1149 144 1204 cear,
177 1131 253 1192 dum
282 1130 420 1191 animum
449 1129 491 1190 ad
513 1137 721 1209 cognatarum
745 1149 849 1192 rerum
873 1139 1079 1213 conspectum
1103 1132 1287 1192 tendentem

49 1237 84 1298 in
109 1236 238 1298 sublimi
260 1257 386 1319 semper
409 1235 565 1298 habeam:
600 1245 752 1316 quantum
776 1234 870 1298 refert
894 1256 974 1312 mea,
997 1238 1073 1318 quid
1096 1237 1235 1299 calcem?

11 1349 30 1402 i
147 1343 202 1406 IX.
235 1343 282 1404 At
313 1363 377 1404 non
408 1350 456 1404 est
487 1342 566 1404 baec
593 1351 685 1407 terra,
700 1340 917 1423 frugiferarum
940 1350 994 1404 aut
1017 1342 1170 1405 laetarum
1193 1343 1286 1405 arbo-

55 1471 125 1512 rum
151 1436 250 1511 ferax.
289 1470 353 1510 non
377 1450 499 1529 magnis
516 1468 575 1510 nec
590 1447 819 1529 nauigabilibus
835 1448 997 1511 fluminum
1015 1449 1111 1512 alueis
1126 1451 1285 1531 inrigatur.
1303 1466 1326 1507 m
1389 1476 1395 1488 ·

57 1555 131 1618 nihil
156 1556 269 1637 gignit,
293 1557 381 1636 quod
404 1554 482 1617 aliae
505 1565 618 1635 gentes
640 1564 760 1636 petant,
784 1556 839 1616 uix
862 1556 904 1617 ad
928 1555 1060 1617 tutelam
1084 1556 1286 1619 incolentium

58 1661 173 1727 fertilis.
219 1682 283 1724 non
307 1662 462 1743 pretiosus
485 1661 535 1723 bic
557 1661 636 1742 lapis
652 1663 800 1737 caeditur,
824 1682 888 1723 non
904 1664 969 1724 auri
985 1663 1170 1743 argentique
1186 1683 1286 1724 uenae

32 1774 217 1831 leruuntur.
263 1776 415 1850 angustus
445 1769 566 1829 animus
595 1775 659 1842 est,
691 1788 786 1849 quem
810 1777 935 1830 terrena
959 1767 1136 1831 delectant:
1171 1771 1212 1832 ad
1236 1767 1287 1830 illa

58 1876 267 1938 abducendus
306 1883 369 1949 est,
407 1894 490 1955 quae
528 1873 644 1954 ubique
683 1893 784 1957 aeque
822 1884 992 1956 apparent,
1032 1875 1150 1956 ubique·
1185 1895 1287 1955 aeque

59 1981 228 2065 splendent
282 1990 314 2043 et
344 1980 406 2043 hoc
436 1981 641 2061 cogitandum
673 1989 738 2056 est,
767 1981 827 2043 ista
855 1982 936 2043 ueris
959 1981 1051 2043 bonis
1074 2001 1131 2062 per
1154 1980 1231 2043 falsa
1255 1989 1287 2042 et
1303 1999 1326 2040 u

59 2109 158 2172 praue
188 2089 308 2150 credita
338 2088 476 2149 obstare.
521 2106 586 2168 quo
617 2085 778 2166 longiores
808 2088 947 2169 porticus
977 2088 1192 2168 expedierint,
1222 2108 1287 2169 quo

59 2195 151 2258 altius
173 2203 274 2257 turres
296 2193 485 2267 sustulerint,
508 2213 572 2273 quo
589 2191 679 2262 latius
696 2194 781 2256 uicos
798 2195 1015 2275 porrexerint,
1028 2215 1094 2275 quo
1110 2195 1287 2275 depressius
1305 2226 1313 2235 ·

58 2303 199 2365 aestiuos
236 2321 348 2384 specus
386 2299 537 2374 foderint,
573 2319 638 2379 quo
678 2300 788 2362 maiori
820 2300 905 2362 mole
937 2299 1059 2382 fastigia
1086 2302 1286 2364 cenationum

25 2408 284 2482 3subduxerint,
315 2406 377 2468 hoc
400 2406 470 2488 plus
494 2407 567 2479 erit,
592 2405 679 2486 quod
702 2405 759 2468 illis
783 2406 904 2469 caelum
929 2408 1114 2470 abscondat.
1161 2409 1191 2468 in
1215 2428 1285 2470 eam
1335 2461 1340 2474 .

58 2527 91 2579 te
122 2515 287 2596 regionem
319 2535 408 2577 casus
439 2514 543 2590 eiecit,
575 2516 605 2577 in
633 2535 696 2595 qua
724 2513 931 2576 lautissimum
956 2513 1188 2595 receptaculum
1213 2534 1286 2575 casa
1300 2498 1334 2572 20¹

59 2632 127 2685 est:
160 2641 221 2684 nae
250 2629 285 2682 tu
308 2619 408 2702 pusilli
431 2621 526 2683 animi
549 2642 582 2684 es
606 2630 638 2683 et
662 2622 790 2683 sordide
813 2641 848 2681 se
872 2620 1079 2695 consolantis,
1109 2621 1136 2682 si
1158 2621 1231 2682 ideo
1255 2621 1286 2681 id

58 2729 183 2792 fortiter
205 2729 337 2810 pateris,
361 2728 433 2808 quia
456 2728 583 2790 Romuli
607 2748 712 2791 casam
736 2728 828 2789 nosti.
874 2727 929 2789 dic·
946 2727 1021 2790 illud
1045 2727 1169 2809 potius:
1204 2726 1286 2788 istud
1390 2742 1393 2749 ·

58 2835 178 2898 humile
217 2836 374 2915 tugurium
414 2855 530 2916 nempe
561 2836 691 2898 uirtutes
721 2835 847 2916 recipit:
890 2834 951 2896 iarn
983 2834 1130 2896 omnibus
1160 2832 1286 2914 templis

58 2942 230 3005 formosius
252 2943 327 3016 erit,
351 2962 422 3003 cum
446 2941 506 3003 illic
528 2942 643 3004 iustitia
666 2949 838 3023 conspecta
860 2940 967 3015 fuerit,
991 2962 1063 3003 cum
1087 2941 1286 3014 continentia,

59 3068 131 3111 cum
163 3049 345 3131 prudentia,
376 3049 491 3130 pietas,
523 3049 663 3110 omnium
696 3045 868 3109 officiorum
894 3057 979 3110 recte
1002 3048 1286 3128 dispensandorum
1300 3064 1326 3104 rs

58 3157 155 3231 ratio,
194 3154 404 3217 humanorum
444 3154 684 3237 diuinorumque
721 3155 858 3216 scientia.
918 3152 1019 3216 nullus
1056 3161 1207 3234 angustus
1238 3160 1287 3214 est

58 3263 165 3338 locus,
195 3263 249 3343 qui
279 3262 360 3324 banc
389 3271 456 3324 tam
489 3282 676 3342 magnarum
707 3262 856 3324 uirtutum
879 3260 1006 3323 turbam
1031 3262 1121 3341 capit.
1168 3257 1286 3320 nullum

23 3369 191 3432 llexilium
224 3387 321 3448 graue
353 3377 417 3443 est,
447 3369 477 3429 in
507 3370 594 3449 quod
623 3367 695 3430 licet
719 3388 791 3429 cum
814 3366 877 3429 boc
899 3367 944 3428 ire
967 3368 1127 3429 comitatu.
1173 3367 1288 3428 Brutus

59 3477 90 3538 in
120 3496 160 3538 eo
184 3474 280 3549 libro,
311 3494 406 3556 quem
432 3476 473 3536 de
496 3476 610 3537 uirtute
633 3475 815 3558 conposuit,
839 3475 881 3535 ait
905 3494 939 3535 se
963 3472 1149 3536 Marcellum
1173 3474 1287 3540 uidisse

60 3653 275 3662 ,-.-----

61 3760 74 3811 1
102 3759 141 3808 uel
166 3758 235 3806 ocius
259 3753 376 3810 Miller:
401 3757 508 3806 uelocius
634 3759 673 3806 uel
697 3759 789 3808 tardius
814 3754 977 3810 deteriores:
1005 3757 1043 3805 uel
1062 3756 1127 3804 diue
1153 3756 1244 3820 (erasa
1263 3753 1285 3820 s)

168 3847 227 3895 dum
246 3851 356 3910 spectare
376 3843 458 3898 Gertz
566 3843 583 3897 2
608 3846 749 3896 immobiles
865 3845 882 3897 4
907 3847 960 3895 fuso
979 3844 1076 3914 uulgo:
1099 3845 1167 3893 funso

60 3937 76 3990 6
95 3937 228 3986 inmisceat
240 3934 280 3999 (ar
291 3934 318 3986 in
332 3934 400 4001 ras.)
486 3933 502 3987 8
520 3935 628 3984 habeam
642 3932 806 3988 deteriores:
821 3936 913 3984 habeat
998 3934 1029 3986 11
1044 3934 1107 3983 aliae
1120 3930 1283 3986 deteriores:

60 4062 110 4111 alia
207 4058 308 4151 attuleffl
327 4057 435 4127 (prima
453 4066 461 4106 t
480 4057 508 4110 in
527 4059 543 4107 d
562 4058 646 4125 corr.)
744 4057 778 4110 12
804 4060 978 4124 auriargentiq;
999 4033 1178 4122 uene‘ruuntur.

60 4185 94 4239 17
119 4184 271 4251 porrexerint
290 4178 454 4235 Pincianus:
476 4184 624 4233 correxerint
723 4182 758 4236 20
783 4176 879 4248 egeiicit
898 4182 936 4248 (in
955 4181 1078 4251 margine
1096 4181 1178 4245 eiecit)

60 4274 205 4323 latissimum
225 4269 312 4339 Neap.
331 4270 480 4320 laxissimum
500 4267 650 4324 Pincianus
739 4290 797 4322 casa
816 4279 857 4321 est.
877 4287 908 4320 ne
927 4278 951 4320 et
969 4277 993 4319 tu
1012 4270 1070 4337 (nae
1088 4277 1112 4320 tu
1126 4267 1285 4334 deteriores)

60 4365 142 4428 pusilli
162 4363 238 4411 animi
257 4376 283 4408 es
301 4370 324 4410 et
344 4359 530 4425 (haecomnia
546 4360 842 4430 praetermiseras.)
939 4359 975 4418 22
998 4361 1060 4409 istud
1080 4357 1244 4412 deteriores:
1265 4359 1286 4405 si

60 4451 124 4501 islud
144 4452 174 4515 (si
194 4452 201 4499 i
220 4451 247 4503 fn
266 4453 332 4519 ras.)
424 4448 458 4502 ‘28
477 4452 502 4499 in
521 4451 586 4515 quod
605 4448 732 4504 Fickert:
753 4453 777 4500 in
796 4466 844 4516 quo
935 4447 969 4500 29
988 4451 1127 4514 composuit
