3060 5078
159 319 221 381 198
321 314 400 356 DIAL.
417 315 457 358 tx.
486 315 527 355 AD
542 314 685 359 SERENVM
699 317 741 357 DE
754 315 1023 368 TRANQVILLITATE
1037 316 1135 362 ANIMI.
1164 319 1185 360 2.
1200 319 1221 360 3.

157 468 189 521 et
211 467 297 522 tactu
319 459 473 540 gaudent,
498 469 530 522 et
553 459 682 523 foedam
706 482 875 543 corporum
899 461 1039 524 scabiem
1062 460 1200 524 delectat
1230 462 1381 543 quidquid

156 576 344 648 exasperat:
377 588 442 629 non
472 567 561 631 aliter
592 569 727 630 dixerim
756 567 804 631 his
835 568 1009 644 mentibus,
1040 569 1071 630 in
1093 589 1172 652 quas
1195 567 1382 649 cupiditates

157 671 241 734 uelut
265 671 348 735 mala
367 671 471 734 ulcera
491 683 668 755 eruperunt,
691 672 846 756 uoluptati
862 694 931 735 esse
945 671 1088 735 laborem
1104 675 1382 758 uexationemque.

156 787 228 841 suut
259 780 342 841 enim
372 780 546 861 quaedam,
577 801 658 861 quae
689 801 803 862 corpus
826 800 953 861 quoque
976 788 1120 843 nostrum
1142 801 1216 843 cum
1240 782 1381 864 quodam

116 907 141 951 ‚s
157 885 268 948 dolore
298 885 472 961 delectent,
503 895 539 948 ut
569 907 695 949 uersare
724 907 759 949 se
786 896 818 948 et
842 896 964 949 mutare
986 886 1128 949 nondum
1151 866 1271 950 sessum
1293 887 1383 964 latus,

78 1034 82 1041 -
138 1004 189 1080 fl
219 993 280 1055 alio
311 1000 405 1073 atque
428 992 489 1056 alio
513 994 617 1075 positu
641 993 789 1056 uentilari.
834 993 932 1076 qualis
955 992 1005 1056 ille
1028 994 1217 1056 Homericus
1241 993 1383 1057 Achilles

157 1109 218 1176 est,
247 1101 347 1162 modo
370 1120 505 1180 pronus,
536 1101 637 1163 modo
659 1102 800 1182 supinus,
832 1101 862 1161 in
885 1101 988 1163 uarios
1010 1099 1136 1163 habitus
1159 1120 1194 1162 se
1217 1101 1285 1181 ipse
1309 1121 1386 1162 con-

156 1227 288 1288 ponens,
311 1208 398 1288 quod
422 1207 583 1288 proprium
607 1208 692 1286 aegri
715 1215 772 1282 est,
795 1206 870 1270 nihil
893 1208 945 1269 diu
968 1207 1033 1288 pati
1056 1215 1089 1268 et
1105 1206 1336 1270 mutationibus
1351 1215 1388 1269 ut

157 1313 303 1375 remediis
341 1314 393 1376 uti.
446 1315 520 1375 inde
558 1314 825 1395 peregrinationes
859 1314 1067 1395 suscipiuntur
1097 1333 1198 1394 uagae
1228 1322 1263 1376 et
1292 1313 1389 1377 litora
1405 1332 1425 1386 15

119 1434 142 1474 ¹⁰
156 1429 354 1504 pererrantur
377 1429 409 1482 et
432 1421 532 1491 modo
556 1421 634 1482 mari
656 1441 706 1495 se,
730 1422 830 1483 modo
853 1429 937 1482 terra
960 1422 1120 1501 experitur
1141 1441 1270 1503 semper
1293 1440 1381 1503 prae-

157 1528 296 1591 sentibus
327 1526 439 1589 infesta
461 1526 579 1589 leuitas.
626 1547 709 1589 nuuc
731 1526 938 1609 Campaniam
961 1537 1116 1608 petamus.
1162 1527 1226 1589 iam
1250 1526 1381 1590 delicata

156 1634 281 1698 fastidio
312 1643 392 1695 sunt.
437 1632 553 1695 inculta
575 1633 758 1696 uideantur:
792 1633 932 1696 Bruttios
956 1642 987 1696 et
1010 1633 1169 1696 Lucaniae
1190 1632 1293 1696 saltus
1315 1654 1377 1714 per·

156 1762 333 1822 sequamur.
379 1740 495 1821 aliquid
523 1748 631 1801 tamen
654 1740 733 1802 inter
757 1740 882 1802 deserta
905 1741 1032 1802 amoeni
1053 1739 1233 1820 requiritur,
1265 1740 1297 1801 in
1320 1759 1377 1821 quo

156 1848 307 1911 luxuriosi
345 1846 426 1908 oculi
464 1844 562 1926 longo
600 1846 743 1908 locorum
781 1846 976 1909 horrentium
1006 1845 1153 1926 squalore
1183 1844 1374 1908 releuentur:

118 1968 142 2008 ¹⁵
157 1956 330 2017 Tarentum
361 1961 487 2035 petatur
517 1953 726 2034 laudatusque
755 1961 865 2035 portus
889 1961 921 2015 et
943 1952 1075 2015 hiberna
1096 1951 1175 2015 caeli
1196 1952 1331 2015 mitioris
1352 1959 1378 2013 et

156 2063 245 2141 regio
276 2059 327 2121 uel
357 2061 504 2140 antiquae
534 2059 609 2122 satis
640 2057 791 2140 opulenta
818 2058 938 2121 turbae.
981 2061 1045 2122 iam
1069 2058 1235 2123 flectamus
1258 2078 1377 2121 cursum

157 2168 198 2228 ad
222 2165 342 2228 urbem.
388 2165 479 2227 nimis
503 2166 557 2227 diu
579 2187 598 2227 a
621 2165 731 2246 plausu
755 2175 787 2228 et
807 2164 934 2247 fragore
953 2185 1045 2228 aures
1060 2174 1261 2228 uacauerunt„
1301 2165 1379 2227 iuuat

156 2275 219 2334 iam
255 2280 288 2333 et
324 2271 464 2333 humano
495 2273 646 2352 sanguiue
677 2270 742 2335 frui.
789 2271 872 2335 aliud
902 2293 945 2334 ex
974 2271 1036 2334 alio
1066 2272 1125 2333 iter
1154 2272 1324 2354 suscipitur
1351 2279 1378 2332 et
1394 2280 1418 2334 u

156 2376 336 2461 spectacula
358 2377 544 2460 spectaculis
567 2387 735 2441 mutantur.
780 2388 816 2441 ut
837 2380 881 2441 ait
903 2378 1086 2441 Lucretius:

117 2497 143 2537 20
482 2489 534 2545 hoc
556 2507 585 2546 sc
606 2489 724 2562 quisque
747 2489 827 2545 modo
849 2496 958 2563 semper
969 2488 1061 2564 fugit.

157 2595 214 2653 sed
244 2592 320 2673 quid
350 2593 497 2674 prodest,
528 2593 553 2654 si
576 2612 640 2653 non
663 2592 792 2672 effugit?
831 2594 971 2672 sequitur
993 2612 1028 2654 se
1050 2591 1117 2672 ipse
1140 2599 1173 2653 et
1196 2601 1292 2672 urget
1314 2611 1377 2673 gra

67 2724 70 2731 ·
157 2701 301 2761 uissimus
332 2719 449 2760 comes.
495 2701 600 2780 itaque
630 2700 710 2761 scire
740 2698 895 2761 debemus
925 2718 990 2760 non
1011 2697 1156 2760 locorum
1178 2701 1291 2762 uitium
1315 2704 1417 2760 esse15

158 2827 221 2887 quo
244 2805 434 2880 laboramus
457 2807 513 2868 sed
536 2813 694 2868 nostrum:
725 2805 838 2868 infirmi
860 2825 968 2867 sumus
991 2806 1033 2867 ad
1055 2825 1153 2867 omne
1174 2804 1379 2879 tolerandum,

158 2932 217 2974 nec
251 2911 367 2974 laboris
405 2915 561 2994 patientes
595 2932 655 2974 nec
685 2911 856 2994 uoluptatis
885 2932 944 2974 nec
974 2920 1102 2975 nostrae
1131 2931 1191 2974 nec
1221 2908 1311 2975 ullius
1339 2912 1377 2973 rei

118 3030 143 3070 ‘²⁵
158 3020 281 3083 diutius.
326 3018 389 3080 hoc
424 3019 582 3101 quosdam
614 3021 679 3099 egit
709 3019 751 3080 ad
782 3028 936 3094 mortem,
974 3019 1062 3100 quod
1091 3019 1259 3100 proposita
1289 3038 1377 3100 saepe

158 3126 312 3189 mutando
335 3128 367 3188 in
390 3126 503 3187 eadem
527 3125 771 3188 reuoluebantur
790 3134 823 3187 et
838 3129 902 3187 non
918 3125 1106 3208 reliquerant
1120 3127 1256 3190 nouitati
1271 3125 1375 3189 locum

158 3232 283 3295 fastidio
323 3252 391 3293 esse
429 3230 487 3295 illis
525 3235 630 3313 coepit
667 3235 733 3296 uita
769 3240 802 3294 et
837 3234 904 3313 ipse
940 3232 1092 3308 mundus,
1122 3239 1156 3293 et
1184 3232 1281 3296 subiit
1309 3229 1373 3295 illud

158 3338 338 3402 tabidarum
361 3338 558 3401 deliciarum:
584 3359 748 3421 quousque
771 3339 907 3401 eadem?

248 3445 298 3506 lll
345 3445 512 3508 Aduersus
549 3445 613 3508 hoc
650 3447 789 3509 taedium
827 3465 892 3526 quo
930 3443 1048 3508 auxilio
1082 3454 1195 3527 putem
1230 3444 1390 3508 utenduml

119 3562 145 3602 ³⁰
160 3554 291 3634 quaeris
341 3552 498 3634 optimum
529 3561 609 3628 erat,
640 3561 675 3615 ut
705 3555 749 3616 ait
778 3549 1028 3627 AthenodoruS,
1061 3554 1186 3615 actione
1216 3571 1317 3614 rerum
1342 3554 1367 3608 et

1249 3741 1266 3784 u

162 3801 174 3850 l
200 3800 259 3862 seda
366 3799 442 3863 chid
551 3798 566 3850 3
592 3813 666 3847 esse*
685 3800 796 3850 labore*
914 3796 931 3850 7
956 3812 1108 3862 componens
1221 3813 1278 3863 pas

159 3887 175 3938 9
202 3889 259 3936 utin
354 3893 376 3935 et
395 3886 468 3935 litora
488 3884 650 3940 deteriores:
671 3891 694 3935 et
713 3886 738 3934 in
756 3887 829 3935 litora
928 3884 960 3937 12
983 3885 1101 3950 locante*
1199 3884 1232 3939 13
1257 3882 1362 3950 requiritur

161 3970 481 4028 &rationem-Schmidt
499 3974 576 4044 apud
587 3971 773 4043 Madrriqium:
795 3973 886 4039 reqraf
975 3972 1009 4025 15
1028 3979 1052 4024 et
1070 3978 1137 4023 recto
1156 3975 1222 4038 (nort
1234 3961 1361 4038 rectolcod

160 4066 228 4128 regio
248 4060 367 4124 Fickert,
386 4064 503 4128 regioque
524 4061 613 4125 Gertz,
633 4069 656 4112 et
675 4064 744 4127 regio
763 4059 840 4115 Koch
956 4061 988 4114 17
1013 4063 1055 4112 diu
1074 4063 1177 4126 aplausu
1202 4065 1279 4133 (post
1294 4052 1360 4109 arun

156 4151 212 4219 fine
230 4167 329 4205 uersus
348 4167 447 4205 rasura
467 4151 572 4206 litterae
590 4169 613 4214 a,
633 4167 703 4220 quae
716 4156 815 4221 postea
834 4156 896 4204 ante
914 4151 998 4216 plausu
1017 4151 1092 4205 initio
1110 4150 1274 4222 insequentis
1285 4155 1360 4202 utrm

159 4239 255 4294 addita
273 4241 324 4309 est)
416 4240 449 4294 18
467 4244 600 4292 humanos
707 4240 740 4292 21
766 4245 790 4290 et
808 4247 878 4305 urget
897 4241 932 4306 (et
949 4256 977 4290 ur
996 4240 1080 4307 corr.)
1172 4240 1207 4294 27
1231 4241 1293 4306 cepit

159 4332 233 4381 subiit
252 4332 311 4380 illud
330 4332 469 4381 tabidarum
489 4328 612 4400 Lepsios:
633 4330 698 4379 subit
716 4330 777 4380 illud
794 4331 937 4380 rabidarum
1027 4328 1063 4383 28
1087 4347 1136 4394 quo
1153 4347 1209 4397 usq;
1229 4347 1258 4381 eu
1275 4324 1316 4379 dee
1330 4317 1358 4386 (θ’

160 4434 225 4484 ras,
246 4434 318 4474 corr.
338 4436 420 4473 mortu
439 4418 585 4473 admodum
603 4418 717 4487 recenti)
808 4417 843 4471 29
861 4420 931 4473 tediti
1021 4417 1056 4473 30
1074 4420 1155 4489 queris⁴
