3046 5092
243 364 304 424 114
581 355 661 398 DIAL.
678 356 703 398 V.
732 356 772 396 DE
787 354 839 395 1RA
854 356 908 396 LlB.
924 357 963 401 111,
992 359 1124 402 34,35,3θ,

241 524 327 566 marn
351 501 483 584 captatis
507 485 686 565 criminatus
709 512 765 565 est.
803 501 854 565 hic
876 514 1016 566 scortum
1033 525 1138 566 meum
1156 507 1343 587 concupiuit.
1382 508 1472 587 quod

240 610 395 673 uinculum
438 611 554 673 amoris
586 631 654 671 esse
685 609 841 684 debebat,
877 612 1036 673 seditionis
1068 621 1162 693 atque
1193 613 1257 674 odii
1288 633 1384 675 causa
1415 622 1471 690 est,

240 719 325 780 idem
362 717 450 779 uelle.
502 718 560 778 iter
593 726 761 797 angustum
793 717 877 778 rixas
908 719 1135 781 transeuntium
1167 720 1323 782 concitat:
1360 720 1473 783 diffusa

201 857 208 873 ·
241 835 272 886 et
296 825 359 887 late
384 835 496 906 patens
521 825 570 885 uia
592 844 633 884 ne
655 823 791 905 populos
815 823 941 905 quidem
966 825 1101 886 conlidit.
1136 827 1200 888 'ista
1216 830 1297 908 qu'ae
1313 828 1473 909 adpetitis,

214 932 314 1014 5quia
345 933 462 1012 exigua
491 939 563 992 sunt
587 951 645 991 nec
668 941 801 1011 possunt
825 932 865 992 ad
890 930 1021 993 alterum
1046 933 1103 993 nisi
1126 932 1214 995 alteri
1237 943 1349 1016 erepta
1372 942 1473 997 trans·

240 1038 319 1112 ferri,
344 1039 457 1100 eadem
483 1036 713 1099 adfectantibus
737 1058 859 1118 pugnas
883 1047 915 1099 et
938 1039 1035 1118 iurgia
1059 1040 1206 1101 excitant.

331 1145 468 1207 XXXV.
516 1145 731 1226 Respondisse
761 1144 816 1206 tibi
847 1165 973 1206 seruum
1004 1146 1174 1227 indignaris
1202 1146 1418 1230 libertumque
1443 1155 1478 1210 et

242 1273 375 1315 uxorem
408 1261 440 1314 et
472 1250 638 1313 clientem:
670 1251 785 1312 deinde
808 1252 893 1313 idem
918 1253 961 1312 de
982 1251 1140 1333 republica
1162 1253 1344 1316 libertatem
1368 1254 1476 1317 subla-

241 1368 306 1421 tam
336 1359 490 1439 quereris,
521 1377 617 1440 quam
641 1359 729 1419 domi
753 1358 909 1421 sustulisti.
955 1380 1059 1420 rursus
1082 1360 1107 1420 si
1131 1361 1226 1423 tacuit
1249 1364 1480 1443 interrogatus

203 1480 226 1519 ¹⁰
242 1466 473 1528 contumaciam
513 1485 617 1526 uocas
665 1475 695 1527 et
735 1465 881 1547 loquatur
920 1474 951 1527 et
986 1475 1090 1528 taceat
1129 1476 1160 1529 et
1199 1468 1320 1530 rideat:
1364 1489 1479 1532 coram
1517 1491 1520 1535 1

242 1572 394 1633 domino?
424 1572 540 1654 inquis:
568 1573 669 1634 immo
693 1593 801 1634 coram
825 1583 916 1654 patre
939 1572 1080 1635 familiae.
1127 1575 1202 1655 quid
1226 1573 1366 1638 clamas?
1399 1577 1483 1657 quid

242 1678 439 1740 uociferans?
471 1677 548 1760 quid
573 1679 700 1759 flagella
723 1680 828 1741 media
852 1700 930 1755 cena
952 1681 1049 1761 petis,
1082 1682 1169 1761 quod
1193 1683 1274 1743 serui
1298 1682 1477 1764 loquuntur

240 1788 327 1866 quod
358 1806 422 1847 non
453 1787 569 1848 eodem
600 1786 672 1848 loco
703 1786 796 1848 turba
819 1787 972 1848 contionis
996 1797 1058 1862 est,
1090 1788 1245 1850 silentium
1269 1788 1448 1852 solitudinis
1457 1795 1481 1874 ?,

240 1893 270 1953 in
294 1892 356 1955 hoc
373 1891 477 1954 habes
501 1914 599 1968 aures
623 1904 656 1955 ut
679 1914 743 1955 non
767 1894 931 1957 modulata
954 1904 1076 1956 tantum
1102 1905 1133 1957 et
1157 1895 1262 1957 mollia
1278 1906 1311 1959 et
1328 1917 1371 1959 ex
1389 1896 1473 1959 dulci
1494 1908 1517 1961 3

204 2023 227 2061 15
242 2010 343 2062 tracta
365 1992 601 2083 ¹conpositaque
633 2001 804 2082 accipiant:
836 2010 872 2067 ‚et
896 2002 990 2063 risum
1015 2003 1123 2064 audias
1146 2012 1275 2085 oportet
1298 2013 1332 2066 et
1356 2004 1475 2093 fletum,

242 2118 274 2170 et
298 2107 465 2169 blanditias
488 2117 521 2170 et
545 2108 629 2181 lites,
654 2118 685 2169 et
708 2127 862 2188 prospera
885 2118 917 2169 et
940 2108 1054 2182 tristia,
1080 2119 1111 2170 et
1134 2110 1297 2171 hominum
1314 2132 1422 2174 xuoces
1445 2123 1474 2175 et

242 2215 383 2277 fremitus
407 2215 588 2276 animalium
612 2214 811 2295 latratusque.
859 2215 933 2296 quid
963 2215 1058 2276 miser
1083 2217 1267 2298 expauescis
1289 2218 1333 2280 ad
1358 2218 1471 2281 clamo-

243 2343 310 2383 rem
334 2323 431 2395 serui‚
456 2322 497 2383 ad
520 2323 665 2384 tinnitum
690 2324 769 2383 aeris
793 2331 847 2384 aut
870 2323 980 2383 ianuae
1004 2322 1181 2404 inpulsum?
1211 2343 1282 2385 cum
1306 2334 1376 2387 tam
1401 2325 1470 2388 deli-

243 2437 331 2490 catus
354 2429 455 2502 fueris,
479 2431 617 2492 tonitrua
640 2423 900 2493 audienda'sunt.
943 2428 1005 2491 hoc
1029 2429 1114 2511 quod
1138 2429 1178 2491 de
1203 2430 1330 2493 auribus
1354 2433 1496 2495 dictuml

202 2552 228 2592 ἰο
243 2545 306 2609 est,
338 2536 471 2597 transfer
494 2538 535 2598 ad
559 2536 685 2610 oculoS,
713 2537 769 2618 qui
792 2557 857 2597 non
881 2537 983 2597 minus
1005 2535 1131 2598 fastidio
1154 2537 1316 2613 laborant,
1341 2540 1367 2600 si
1392 2538 1470 2602 male

176 2685 178 2690 ,
241 2643 370 2704 instituti
400 2654 486 2706 sunt:
522 2643 647 2705 macula
680 2643 880 2706 offenduntur
911 2652 943 2706 et
973 2643 1120 2705 sordibus
1149 2653 1180 2706 et
1203 2655 1337 2724 argento
1361 2667 1471 2728 parum

241 2749 409 2830 splendido
440 2761 473 2812 et
503 2761 618 2832 stagno
649 2771 713 2812 non
745 2751 785 2811 ad
816 2749 920 2811 solum
951 2750 1142 2832 perlucente.
1186 2750 1218 2812 hi
1241 2770 1359 2831 nempe
1383 2751 1500 2828 oculit

146 2901 150 2908 -
180 2888 183 2893 ⁴
242 2859 293 2937 qui
323 2877 387 2918 non
418 2856 520 2919 ferunt
550 2858 608 2918 nisi
639 2858 758 2918 uarium
791 2877 827 2918 ac
860 2857 978 2919 recenti
1009 2877 1083 2918 cura
1105 2858 1207 2919 nitens
1227 2843 1390 2933 marmor,
1423 2859 1473 2941 qui

242 2984 384 3025 mensam
416 2964 473 3025 nisi
504 2964 621 3026 crebris
653 2964 831 3025 distinctam
856 2965 958 3038 uenis
991 2965 1043 3045 qui
1066 2964 1179 3026 nolunt
1203 2964 1291 3025 domi
1315 2964 1373 3026 nisi
1397 2986 1472 3028 auro

201 3074 227 3127 aa
242 3071 343 3150 pretio
361 3066 428 3132 iora
459 3070 587 3145 calcari,
619 3071 808 3150 aequissimo
840 3071 945 3132 animo
977 3070 1051 3132 foris
1082 3079 1114 3132 et
1137 3071 1265 3133 scabras
1288 3069 1473 3154 lutosasque

242 3179 368 3239 semitas
407 3187 551 3258 spectant
569 3215 572 3221 -
591 3185 623 3238 et
662 3178 815 3239 maiorem
841 3186 978 3258 ¹partem
1018 3179 1247 3240 occurrentium
1287 3177 1474 3258 squalidam,
1504 3198 1510 3210 ·

242 3285 376 3369 parietes
407 3283 576 3345 insularum
606 3292 738 3359 exes05,
771 3285 922 3358 rimosos‚
953 3284 1140 3365 inaequales
1187 3285 1262 3365 quid
1286 3305 1366 3366 ergo
1391 3286 1475 3349 aliud

243 3398 299 3462 est,
323 3390 410 3470 quod
434 3389 503 3452 illos
527 3393 557 3452 in
581 3389 708 3471 publico
729 3411 794 3452 non
811 3390 961 3464 offendat,
987 3392 1074 3453 domi
1092 3393 1229 3465 moueat,
1253 3410 1350 3471 quarn
1367 3394 1474 3474 opinio

242 3494 303 3556 illic
327 3475 428 3577 aequa
451 3507 484 3559 et
507 3500 638 3577 patiens,
663 3499 752 3559 domi
776 3518 905 3560 morosa
928 3509 960 3559 et
983 3497 1131 3579 querula?

202 3620 228 3660 ao
333 3604 484 3666 XXXVI.
518 3604 639 3667 Omnes
656 3625 764 3666 sensus
781 3605 973 3685 perducendi
990 3614 1062 3667 sunt
1078 3606 1119 3681 ad
1136 3604 1328 3667 firmitatem.
1362 3615 1503 3670 natural

242 3711 399 3789 patientes
429 3721 517 3785 sunt,
548 3714 573 3773 si
605 3715 727 3774 animus
751 3711 822 3774 illos
845 3713 939 3775 desiit
963 3685 1181 3792 cofrumpere‚
1212 3715 1265 3794 qui
1289 3715 1410 3777 cotidie
1434 3715 1475 3777 ad

250 3977 390 4042 lcaptatis
410 3925 538 4045 Medum:
567 3983 678 4042 captatus
778 3931 872 4042 2adq3
895 3978 937 4028 odi
1032 3978 1165 4030 tcollidit
1261 3981 1378 4044 appetitis

243 4119 258 4171 6
285 4121 455 4169 affectantibus
551 4072 627 4172 7tibi
721 4121 737 4172 8
763 4121 793 4169 de
812 4129 882 4183 rep.
967 4118 983 4172 9
1008 4124 1075 4184 qua*
1200 4121 1230 4174 12
1255 4123 1386 4186 loquuntur
1405 4137 1475 4176 unm

186 4237 188 4240 ⁴
244 4206 425 4261 deteriorum:
451 4193 580 4273 loquaritur
679 4207 711 4261 13
731 4209 858 4258 concionis
948 4213 1000 4258 esta
1116 4208 1149 4261 18
1174 4211 1222 4273 eris
1245 4209 1320 4277 (ante
1338 4227 1353 4273 9
1372 4225 1474 4264 ramere

242 4296 325 4348 tentus
344 4294 460 4362 litterae)
541 4296 574 4350 25
594 4297 685 4347 calcari
704 4297 795 4352 nescir)
815 4296 889 4365 quis:
911 4297 1008 4346 calcare
1092 4297 1126 4350 27
1146 4300 1212 4349 aliud
1232 4299 1258 4366 (d
1278 4313 1317 4353 ete
1336 4306 1345 4348 t
1364 4297 1473 4369 effecta)

329 4383 363 4437 ‘28
376 4387 443 4450 quod
456 4388 482 4434 id
496 4388 562 4451 quod
575 4387 630 4436 illos
645 4383 735 4449 Gertz,
748 4384 799 4439 sed
810 4387 937 4454 opinione
950 4402 996 4440 eos
1009 4387 1120 4454 moueri,
1133 4403 1187 4440 non
1201 4386 1290 4454 rebus,
1303 4389 1393 4457 tirsum
1406 4387 1475 4443 ittae

246 4479 286 4526 est
305 4473 380 4543 quod
397 4475 516 4543 serzptor
536 4475 702 4528 demonstrat
780 4473 814 4526 29
827 4475 927 4539 querula
1000 4475 1032 4527 31
1048 4470 1118 4524 desiit
1133 4472 1385 4530 delenierat-dan
