3046 5092
248 348 329 390 DlAl».
343 347 383 392 tx.
413 349 454 389 AD
469 348 610 391 SERENVM
626 347 667 390 DE
681 348 948 400 TRANQVILLITATE
960 349 1059 392 ANIMI.
1088 351 1108 393 θ.
1123 352 1143 392 l.
1242 353 1305 416 203

85 502 174 575 petas
205 514 265 556 nec
295 503 465 576 expectes,
497 497 600 556 donec
629 513 679 555 res
701 504 734 556 te
757 494 931 569 dimittant,
961 496 1019 556 sed
1033 489 1084 556 'ab
1106 494 1164 556 illis
1186 503 1219 557 te
1241 495 1309 575 ipse

84 601 238 682 diiungas.

55 721 66 772 1
171 706 228 769 Vl
266 707 423 788 Inspicere
446 715 552 768 autem
576 705 765 769 debebimus
788 706 925 787 primum
949 708 1169 788 nosmetipsos,
1194 708 1308 779 deinde

82 833 127 889 ea,
150 831 234 894 quae
257 814 481 894 adgrediemur
503 813 640 894 negotia,
665 813 780 875 deinde
802 833 868 888 eos,
891 833 1027 895 quorum
1051 834 1146 876 causa
1167 822 1221 876 aut
1236 833 1307 875 cum

81 919 203 1001 quibus.
1322 933 1335 974 ⁶

48 1038 63 1090 2
171 1025 262 1088 Ante
292 1026 398 1088 omnia
428 1045 557 1093 necesse
587 1024 694 1088 estse
716 1026 820 1106 ipsum
843 1026 1026 1100 aestimare,
1057 1012 1131 1107 quia
1153 1024 1217 1087 lere
1239 1024 1309 1106 plus

81 1132 176 1194 nobis
211 1132 356 1194 uidemur
389 1151 485 1213 posse
515 1153 610 1214 quam
640 1151 827 1213 possumus:
861 1130 938 1193 alius
969 1130 1167 1214 eloquentiae
1196 1130 1310 1193 fiducia

82 1237 266 1318 prolabitur,
290 1237 366 1300 alius
388 1240 581 1318 patrimonio
604 1259 662 1300 suo
685 1239 756 1319 plus
779 1238 944 1318 imperauit
966 1258 1064 1319 quam
1087 1237 1169 1300 ferre
1191 1232 1310 1318 posse't,

81 1343 160 1406 alius
198 1343 357 1406 infirmum
394 1364 509 1425 corpus
547 1345 708 1407 laborioso
746 1345 905 1425 oppressit
943 1343 1057 1407 officio.
1108 1345 1342 1426 quorundam-

81 1469 196 1530 parum
218 1450 335 1513 idonea
357 1461 406 1513 est
429 1453 617 1515 uerecundia
639 1452 733 1513 rebus
756 1450 906 1526 ciuilibus,
930 1471 1012 1532 quae
1031 1449 1156 1512 firmam
1172 1449 1308 1512 frontem
1325 1463 1349 1503 1⁰

81 1556 274 1620 desiderant
319 1558 518 1637 quorundam
550 1557 750 1620 contumacia
771 1577 837 1618 non
859 1556 933 1619 facit
956 1558 997 1619 ad
1021 1556 1134 1620 aulam.
1179 1557 1308 1638 quidam

81 1684 148 1726 non
179 1663 299 1726 habent
330 1663 407 1726 iram
438 1665 470 1725 in
500 1673 662 1744 potestate
692 1673 725 1726 et
747 1663 816 1726 illos
840 1664 881 1725 ad
904 1664 1072 1727 temeraria
1093 1662 1192 1725 uerba
1214 1682 1309 1743 quae-

81 1769 160 1833 libet
182 1768 358 1850 indignatio
380 1767 480 1834 effert.
518 1771 648 1852 quidam
671 1770 883 1832 urbanitatem
906 1770 1047 1831 nesciunt
1071 1769 1231 1831 continere
1250 1788 1310 1830 nec

81 1875 268 1957 periculosis·
287 1875 446 1939 abstinent
467 1876 592 1938 salibus.
623 1877 770 1938 omnibus
792 1875 840 1938 his
863 1875 965 1937 utilior
987 1877 1117 1956 negotio
1133 1876 1221 1956 quies
1242 1883 1306 1936 est:

82 1981 176 2043 ferox
203 1982 424 2064 inpatiensque
454 1992 566 2045 natura
596 1983 795 2046 inritamenta
825 1984 987 2045 nociturae
1019 1981 1172 2044 libertatis
1203 1981 1309 2044 euitet.
1327 1993 1349 2032 ¹⁶

45 2099 61 2152 3
83 2089 282 2151 aestimanda
311 2098 384 2152 sunt
413 2089 529 2151 deinde
552 2089 635 2169 ipsa,
666 2109 748 2169 quae
770 2089 990 2168 adgredimur,
1021 2097 1055 2150 et
1078 2089 1159 2149 uires
1182 2095 1311 2148 nostrae

82 2214 155 2256 cum
187 2194 297 2269 rebus,
336 2215 415 2276 quas
446 2196 630 2275 temptaturi
661 2215 785 2270 sumus,
822 2196 1052 2275 conparandae.
1098 2194 1197 2255 debet
1227 2192 1310 2254 enim

82 2321 211 2382 semper
241 2301 311 2381 plus
343 2320 413 2363 esse
443 2303 553 2362 uirium
584 2303 615 2363 in
646 2300 747 2363 latore
778 2320 874 2383 quam
905 2302 936 2362 in
959 2321 1065 2362 onere.
1111 2319 1240 2362 necesse
1263 2306 1312 2360 est

46 2408 267 2487 lopprimant
297 2426 409 2482 onera,
440 2427 521 2486 quae
552 2407 673 2470 serente
696 2408 817 2470 maiora
838 2416 919 2475 sunt.
965 2408 1124 2488 quaedam
1147 2414 1312 2486 praeterea

83 2532 149 2574 non
179 2522 248 2575 tam
279 2533 397 2594 magna
426 2523 498 2576 sunt
528 2514 658 2594 negotia
687 2533 783 2595 quam
814 2512 948 2575 fecunda
980 2511 1189 2594 [multumque
1211 2530 1310 2590 nego·
1325 2524 1351 2564 2⁰

83 2621 201 2682 tiorum
223 2618 346 2698 feruntl,
370 2628 402 2681 et
425 2620 504 2681 haec
526 2620 710 2699 refugienda
732 2628 819 2694 sunt,
847 2640 890 2680 ex
913 2619 1026 2700 quibus
1044 2639 1130 2680 noua
1144 2618 1311 2697 occupatio
1343 2689 1346 2696 Ι

84 2725 317 2806 multiplexque
340 2735 492 2788 nascetur.
537 2746 597 2787 nec
620 2727 836 2787 accedendum
860 2746 916 2800 e0,
943 2726 1027 2787 unde
1050 2725 1128 2786 liber
1151 2743 1311 2803 regressus

84 2852 148 2893 non
172 2832 229 2894 sit:
263 2833 298 2893 iis
321 2831 523 2895 admouenda
546 2852 658 2893 manus
680 2841 745 2907 est,
775 2852 911 2914 quorum
935 2832 1031 2893 finem
1055 2841 1109 2894 aut
1132 2828 1234 2892 lacere
1256 2838 1311 2891 aut

84 2948 171 3000 certe
193 2958 321 3019 sperare
344 2939 454 3019 possis
500 2938 713 3019 relinquenda,
736 2959 818 3019 quae
841 2938 933 3001 latius
956 2947 1029 3000 actu
1052 2938 1230 3018 procedunt
1252 2955 1311 2996 nec
1325 3001 1351 3039 π

84 3045 139 3107 ubi
160 3046 366 3126 proposueris
389 3045 543 3106 desinunt.

54 3161 66 3211 1
175 3150 246 3212 VII.
292 3151 467 3213 Hominum
499 3151 607 3232 utique
637 3150 769 3213 dilectus
792 3150 957 3213 habendus
980 3158 1044 3211 est:
1078 3169 1118 3209 an
1142 3148 1228 3228 digni
1250 3147 1312 3208 sint

85 3257 198 3338 quibus
229 3267 353 3338 partem
385 3258 468 3319 uitae
499 3266 628 3319 nostrae
658 3257 882 3337 inpendamus,
918 3275 959 3317 an
989 3256 1031 3318 ad
1060 3253 1129 3316 illos
1159 3254 1313 3335 temporis

86 3364 185 3426 nostri
216 3365 336 3426 iactura
364 3364 535 3444 perueniat
580 3364 710 3443 quidam
741 3364 824 3425 enim
855 3362 938 3424 ultro
967 3359 1069 3424 officia
1091 3361 1182 3423 nobis
1205 3368 1314 3422 nostra

56 3469 239 3550 tinputant.
284 3468 516 3532 Athenodorus
546 3470 589 3530 ait
619 3489 659 3531 ne
689 3470 731 3531 ad
761 3488 873 3552 cenam
903 3469 1033 3549 quidem
1063 3488 1099 3530 se
1128 3469 1243 3530 iturum
1271 3469 1313 3528 ad

87 3596 178 3651 eum,
208 3576 261 3656 qui
292 3575 350 3637 sibi
381 3574 423 3636 nil
451 3595 510 3656 pro
542 3573 606 3636 hoc
635 3574 796 3637 debiturus
827 3575 885 3637 sit:
920 3583 999 3656 puto
1029 3574 1181 3654 intellegis
1212 3572 1313 3635 multo
1327 3585 1353 3626 ³⁰

88 3683 189 3743 minus
225 3682 267 3742 ad
303 3702 359 3743 eos
390 3682 522 3756 iturum,
557 3682 610 3762 qui
640 3701 713 3743 cum
743 3682 916 3743 amicorum
947 3680 1056 3743 olficiis
1087 3681 1173 3761 paria
1204 3699 1313 3741 mensa

88 3786 219 3862 faciunt,
255 3787 308 3869 qui
338 3785 464 3849 fericula
493 3807 552 3868 pro
583 3787 748 3868 congiariis
779 3796 962 3864 numerant,
998 3788 1087 3869 quasi
1117 3787 1147 3847 in
1178 3786 1311 3849 alienum

89 3980 168 4032 3nos
186 3987 236 4030 met
254 3980 321 4045 ipsos
412 3977 589 4043 7eloquentia
609 3979 635 4046 (a
654 3977 681 4031 in
701 3996 731 4029 ae
749 3976 832 4047 corr.)
923 3976 1085 4044 9oppressit
1105 3975 1206 4047 Neap.:
1227 3975 1314 4041 pressit

177 4068 212 4121 10
230 4068 328 4117 firmam
347 4064 405 4120 El:
426 4068 541 4132 primam,
624 4066 657 4120 13
677 4069 744 4118 effert
763 4065 866 4137 Neap.:
888 4067 960 4118 offert
1051 4065 1082 4118 ll
1102 4066 1222 4130 apstinent
1240 4062 1266 4131 (p
1284 4061 1312 4114 in

90 4154 208 4222 boorr.)
318 4156 350 4207 15
374 4156 493 4206 libertatis
512 4157 584 4205 enitet
603 4153 767 4210 deteriores:
788 4157 907 4207 libertatis
925 4157 1031 4206 seuit.et
1140 4152 1172 4204 18
1192 4153 1215 4201 in
1235 4151 1313 4201 latore

91 4241 253 4300 Pincianus:
274 4245 383 4295 inactore
473 4246 497 4293 in
517 4261 590 4294 onere
609 4243 774 4299 deterioresx
795 4247 863 4294 inore
953 4243 987 4296 20
1006 4249 1056 4291 tam
1077 4238 1240 4293 deteriores:
1261 4240 1311 4288 iam

176 4334 327 4399 multumque
345 4336 499 4398 negotiorum
520 4334 597 4384 ferunt
617 4335 707 4402 (serunt
720 4330 855 4399 Muretus)
875 4331 954 4385 artois
972 4328 1071 4383 inclusi
1087 4327 1162 4398 quod
1179 4329 1231 4384 uix
1245 4343 1312 4399 pro·

92 4439 164 4509 fecta
181 4447 246 4495 sulit
263 4458 281 4495 a
300 4441 434 4513 scriptore
545 4439 577 4493 31
599 4441 698 4491 adeosn
726 4478 737 4493 .
788 4439 823 4494 32
840 4420 941 4509 fericula
1012 4437 1136 4507 congiaris
