3046 5092
436 337 516 376 DIAL.
533 337 572 376 Ill.
603 336 708 387 burun
724 335 778 378 LIB.
795 335 812 377 I.
836 339 866 380 12.
886 339 915 379 13.
1251 348 1293 406 47

49 493 100 546 ut
122 487 223 547 omnis
240 483 305 546 fere
322 486 484 568 cupiditas,
508 485 576 566 ipsa
596 484 655 545 sibi
678 485 708 545 in
732 484 763 545 id
786 485 817 545 in
833 485 921 565 quod
936 495 1087 566 properat
1103 489 1290 569 opponitur:

46 599 168 675 itaque
192 595 305 655 necin
329 613 408 674 pace
431 612 490 653 nec
513 593 543 652 in
567 591 652 653 bello
677 612 827 673 umquam
852 594 938 655 bono
962 595 1026 656 fuit.
1073 615 1184 674 pacem
1209 595 1292 655 enim

47 700 197 766 Similem
235 699 310 762 belli
349 698 459 774 efficit,
498 700 529 760 in
567 701 661 761 armis
699 721 776 761 uero
816 700 1008 763 obliuiscitur
1047 701 1184 763 Martem
1223 722 1293 762 esse

48 829 268 870 communem
292 808 440 887 uenitque
470 808 500 867 in
524 804 657 868 alienam
681 816 882 889 potestatem,
916 811 992 869 dum
1015 811 1045 870 in
1069 830 1125 870 sua
1148 830 1211 869 non
1235 816 1293 870 est.

48 915 180 976 deinde
208 935 274 975 non
306 913 378 974 ideo
409 915 484 974 uitia
513 914 544 974 in
575 933 666 974 usum
698 914 878 994 recipienda
907 923 993 989 sunt,
1024 916 1097 995 quia
1124 914 1319 996 aliquandoa

50 1019 181 1101 aliquid
213 1021 392 1083 effecerunt,
438 1041 512 1081 nam
543 1028 576 1080 et
613 1008 732 1080 febres
756 1021 913 1101 quaedam
953 1042 1071 1101 genera
1106 1021 1293 1083 ualetudinis

51 1127 179 1202 leuant,
203 1148 261 1188 nec
285 1127 358 1188 ideo
374 1147 439 1187 non
455 1147 497 1187 ex
512 1134 584 1187 toto
600 1125 657 1187 illis
673 1127 808 1188 caruisse
824 1126 934 1188 melius
951 1136 1006 1188 est.
1044 1127 1293 1189 abominandum

57 1231 195 1298 remedii
226 1253 326 1314 genus
358 1241 407 1294 est
445 1234 613 1293 sanitatem
653 1232 772 1294 debere
812 1234 936 1296 morbo.
982 1233 1073 1295 simili
1107 1214 1210 1294 inodo
1249 1233 1294 1293 ira

66 1340 163 1401 etiam
186 1340 212 1401 si
235 1339 404 1421 aliquando
428 1348 462 1400 ut
485 1359 642 1400 uenenum
671 1347 703 1399 et
726 1340 942 1421 praecipitatio
974 1349 1006 1402 et
1030 1339 1226 1420 naufragium
1252 1359 1294 1399 ex

70 1448 230 1528 inopinato
262 1445 395 1528 proluit,
427 1467 491 1508 non
522 1446 595 1507 ideo
627 1444 768 1507 salutaris
799 1447 966 1508 iudicanda
989 1456 1046 1512 est.
1092 1467 1187 1527 saepe
1211 1447 1293 1506 enim
1312 1471 1334 1508 ιο

20 1559 27 1570 ‘
79 1549 162 1614 saluti
183 1552 269 1614 suere
293 1552 448 1634 pestifera.

50 1677 65 1727 r
159 1659 239 1722 XIII.
278 1659 403 1720 Deinde
427 1679 507 1740 quae
531 1657 678 1720 habenda
701 1667 781 1732 sunt,
813 1681 877 1740 quo
902 1661 1022 1721 maiora
1045 1680 1084 1720 eo
1108 1658 1239 1748 meliora
1262 1667 1293 1726 et
1371 1641 1376 1653 ⁸

91 1765 258 1844 optabiliora
290 1775 371 1828 sunt.
417 1766 443 1826 si
477 1766 592 1827 iustitia
626 1765 747 1826 bonum
786 1775 849 1841 est,
889 1787 984 1828 nemo
1015 1767 1100 1828 dicet
1129 1765 1292 1826 meliorem

65 1867 213 1946 rsururam,
236 1874 261 1934 si
285 1873 361 1953 quid
384 1873 562 1933 detractum
591 1892 632 1932 ex
656 1892 693 1933 ea
716 1871 813 1933 fuerit.
860 1874 885 1934 si
915 1871 1067 1934 fortitudo
1091 1872 1212 1933 bonum
1236 1879 1292 1945 est,

94 1996 169 2040 nemo
188 1979 272 2041 illam
296 1979 487 2040 desiderabit
511 1999 553 2039 ex
576 1978 679 2059 aliqua
701 1988 792 2059 parte
816 1981 971 2040 deminui:
1004 1999 1081 2059 ergo
1105 1988 1137 2040 et
1160 1980 1205 2040 ira
1228 1999 1292 2058 quo
1310 1998 1333 2037 u

96 2085 174 2145 maior
192 2084 254 2147 hoc
278 2084 397 2148 melior.
436 2086 505 2165 quis
529 2085 611 2146 enim
636 2085 725 2146 ullius
748 2085 824 2147 boni
847 2087 1060 2147 accessionem
1083 2086 1293 2146 recusauerit?

96 2192 163 2269 atqui
182 2193 286 2272 augeri
309 2190 394 2252 illam
410 2191 517 2253 inutile
540 2199 607 2253 est:
634 2211 712 2271 ergo
737 2201 768 2252 et
792 2211 870 2253 esse.
902 2212 966 2252 non
990 2200 1038 2252 est
1061 2192 1183 2253 bonum
1206 2192 1293 2272 quod

71 2291 264 2359 3incremento
296 2298 413 2359 malum
445 2298 488 2362 fit.
542 2297 639 2372 utilis,
669 2299 783 2378 inquit,
814 2299 859 2359 ira
890 2307 953 2373 est,
984 2300 1057 2379 quia
1085 2299 1293 2380 pugnaciores

95 2395 158 2465 facit.
203 2406 264 2467 isto
296 2406 397 2466 modo
429 2415 461 2466 et
488 2404 639 2466 ebrietas:
674 2403 746 2466 facit
775 2407 856 2466 enim
889 2414 1079 2486 propteruos
1103 2414 1135 2466 et
1158 2406 1294 2466 audaces

96 2505 221 2591 multique
253 2511 400 2573 meliores
431 2512 472 2573 ad
503 2511 621 2572 serrum
650 2509 737 2572 suere
768 2510 850 2572 male
880 2511 985 2573 sobrii.
1030 2513 1091 2574 isto
1120 2514 1219 2573 modo
1243 2513 1294 2573 dic
1308 2529 1334 2568 ro

95 2615 118 2668 et
142 2618 297 2697 phrenesin
321 2627 416 2699 atque
439 2619 590 2679 insaniam
614 2617 730 2678 uiribus
757 2619 981 2691 necessariam,
1005 2619 1077 2698 quia
1100 2639 1196 2699 saepe
1219 2618 1293 2679 uali-

71 2714 177 2784 ldiores
204 2725 290 2786 suror
321 2724 433 2789 reddit.
478 2726 573 2804 quid?
612 2745 677 2785 non
713 2723 899 2804 aliquotiens
929 2733 1032 2785 metus
1063 2744 1105 2785 ex
1136 2725 1294 2785 contrario

96 2818 151 2888 iecit
176 2831 343 2906 audacem,
382 2839 414 2892 et
450 2832 561 2892 mortis
592 2831 688 2891 timor
721 2831 816 2891 etiam
848 2831 1052 2892 inertissimos
1084 2831 1233 2892 excitauit
1255 2832 1294 2892 in

97 2935 244 3006 proelium?
263 2921 267 2934 ¹
284 2939 342 2999 sed
365 2939 418 3012 ira,
447 2937 590 3012 ebrietas,
620 2945 722 2997 metus
746 2935 868 3016 aliaque
892 2937 1045 2999 eiusmodi
1069 2937 1164 2998 foeda
1187 2946 1219 2999 et
1242 2957 1293 2998 ca-

98 3032 159 3102 duca
181 3045 379 3107 inritamenta
408 3052 481 3105 sunt
511 3063 570 3104 nec
600 3045 748 3104 uirtutem
780 3044 950 3118 instruunt,
990 3064 1071 3125 quae
1109 3042 1183 3104 nihil
1214 3044 1293 3104 uitiis
1308 3061 1333 3100 25

99 3156 164 3223 eget,
189 3153 244 3214 sed
275 3171 407 3232 segnem
432 3149 547 3230 alioqui
578 3151 717 3210 animum
741 3159 773 3237 et
797 3150 946 3228 Ignauum
974 3149 1112 3230 paullum
1137 3149 1294 3211 adleuant.

74 3250 170 3316 Issemo
196 3259 360 3320 irascendo
388 3257 424 3318 fit
454 3255 579 3331 fortior,
620 3257 678 3319 nisi
710 3257 762 3337 qui
795 3255 883 3330 sortis
914 3257 979 3318 sine
1009 3258 1054 3318 ira
1085 3276 1149 3317 non
1179 3256 1295 3319 suisset.

99 3353 131 3416 sta
153 3383 207 3426 non
236 3367 268 3426 in
299 3363 487 3426 adiutorium
515 3363 636 3424 uirtutis
660 3363 760 3436 uenit,
791 3364 849 3424 sed
880 3363 910 3423 in
941 3364 1050 3426 uicem.
1096 3363 1171 3444 quid
1198 3362 1295 3444 quod,

99 3460 244 3533 sibonum
277 3479 372 3533 esset·
391 3471 451 3554 ira,
482 3467 743 3550 perfectissimum
776 3489 934 3558 quemque
969 3473 1171 3550 sequeretur?
1210 3469 1295 3550 atqui

99 3565 295 3641 iracundissimi
325 3576 459 3639 infantes
489 3595 643 3657 senesque
667 3584 699 3635 et
723 3575 809 3654 aegri
832 3583 912 3635 sunt.
952 3582 985 3635 et
1007 3574 1177 3637 inualidum
1201 3594 1296 3635 omne
1310 3591 1336 3631 30

100 3682 185 3743 natura
205 3683 368 3766 querulum
393 3693 450 3746 est.
685 3669 689 3678 ¹

99 3775 282 3800 N...—

100 3827 199 3903 linquo
300 3842 324 3911 3Ἰ
336 3842 412 3891 efficit
430 3838 530 3910 Neup.:
552 3841 631 3889 effecit
733 3839 748 3890 ἵ)
768 3850 800 3903 qa
915 3838 931 3891 9
951 3856 980 3888 ex
999 3839 1128 3902 inopinato
1148 3837 1296 3891 deteriores

99 3912 206 3982 nonnulli:
227 3948 256 3981 ex
274 3932 377 3995 opinato
487 3929 519 3981 12
540 3929 634 3978 auenda
651 3924 773 3996 Muduiq,
793 3925 844 3979 sed
860 3927 978 3976 habenda
997 3932 1087 3980 luetur
1109 3923 1191 3979 Gertz

101 4002 126 4054 ll
140 4013 185 4080 siqd
206 4021 232 4082 (d
256 4019 340 4082 corr.)
450 4017 483 4070 16
502 4018 573 4067 ullius
593 4015 671 4069 deti:
692 4017 756 4065 illlus
867 4015 899 4068 17
919 4017 971 4080 adq
990 4015 1018 4082 (d
1036 4031 1109 4071 corr.
1129 4014 1155 4066 In
1174 4017 1194 4080 t)

15 4130 20 4141 ”
103 4108 126 4161 ¹9
141 4103 225 4202 lituos,
245 4124 279 4178 de
297 4141 353 4194 qua
368 4122 463 4192 forma
483 4121 520 4191 cf.
534 4103 679 4176 Ritrclrelir'
708 4119 844 4176 Actasec.
859 4119 934 4190 Lr'ps.
948 4120 984 4174 II
994 4137 1023 4190 p.
1039 4124 1089 4172 468
1104 4136 1126 4173 s.
1199 4119 1233 4172 20
1253 4122 1297 4169 ad·
1395 4084 1397 4087 V

10 4358 27 4835 l

45 4218 48 4227 ’
101 4196 171 4256 [enlm
219 4210 294 4282 Cous.
316 4211 367 4266 Cic.
387 4227 448 4281 epp.
467 4210 506 4264 ad
517 4212 570 4264 All.
591 4214 615 4274 2,
630 4213 672 4278 21,
693 4215 707 4262 l
728 4217 778 4260 tam
797 4211 928 4260 uehemens
947 4212 984 4259 uir
1002 4215 1101 4273 tamque
1120 4225 1176 4258 acer
1194 4211 1219 4256 in
1232 4210 1296 4274 ferro

157 4312 183 4367 21
200 4305 246 4386 adq
264 4322 411 4389 (superscr.
430 4319 450 4384 t)
528 4316 661 4379 231nplin
740 4316 774 4367 21
792 4317 850 4380 feda
922 4315 956 4368 2ss
976 4300 1090 4396 adleuant
1110 4315 1128 4380 (l
1146 4314 1298 4384 superscr.)

186 4389 224 4478 29·
233 4428 283 4492 adq
389 4425 424 4479 30
443 4426 495 4489 egri
