3046 5092
241 359 302 418 116
578 349 658 390 DIAL.
675 349 699 389 V.
730 348 769 386 nl:
785 348 836 387 IRA
851 347 905 389 Llli.
922 347 961 386 llI.
987 351 1024 390 37.
1040 349 1072 388 238.
1089 350 1121 388 tul.

238 498 330 560 uenit.
384 497 485 557 minus
524 494 682 557 honorato
714 494 791 556 'loco
830 495 951 576 positus
981 493 1068 555 irasci
1100 494 1231 576 coepisti
1262 497 1469 570 conuiuatori,

238 607 390 679 uocatori,
414 603 472 685 ipsi
496 605 548 684 qui
571 602 627 664 tibi
649 601 902 683 praeferebatur:
931 603 1078 676 demens,
1101 602 1177 682 quid
1200 602 1348 692 interest,
1372 624 1469 684 quam

238 712 310 774 lecti
341 729 467 792 premas
490 714 634 790 partem?
667 708 881 770 honestiorem
905 716 938 768 te
962 718 1014 768 aut
1038 709 1210 788 turpiorem
1233 716 1343 788 potest
1367 708 1470 772 Iacere

239 818 403 901 puluinus?
434 837 498 878 non
523 816 629 897 aequis
652 816 812 896 quendam
838 814 934 876 oculis
958 815 1076 889 uidisti,
1101 815 1173 894 quia
1196 816 1237 876 de'
1260 816 1389 895 ingenio
1413 827 1470 879 tuo
1515 866 1517 875 ,

213 923 323 1003 smale
347 922 470 1001 locutus
495 933 561 985 est:
594 924 705 1002 recipis
728 922 809 984 hanc
834 922 972 1002 legem?
991 941 1069 1001 ergo
1092 930 1124 982 te
1148 921 1283 996 Ennius,
1314 943 1471 1004 qu0,non

240 1030 414 1104 delectaris,
430 1030 559 1103 odisset,
577 1040 608 1092 et
625 1029 821 1103 Hortensius
844 1029 875 1090 si
888 1029 1048 1089 orationes
1063 1033 1129 1088 eius
1144 1028 1341 1108 inprobam,
1363 1031 1469 1108 simul-

216 1190 218 1194 ,
241 1146 323 1200 tates
346 1137 402 1199 tibi
425 1138 592 1211 indiceret,
618 1146 649 1198 et
673 1135 799 1211 Cicero,
822 1137 847 1198 si
872 1135 1030 1197 derideres
1053 1135 1192 1197 carmina
1215 1137 1296 1212 eiuS,
1329 1137 1471 1200 inimicus

240 1253 340 1312 esset.¹
379 1245 425 1305 uis
449 1254 482 1306 tu
505 1264 609 1323 aequo
633 1244 740 1304 animo
763 1244 828 1324 pati
851 1242 1036 1304 candidatus
1059 1242 1227 1321 suffragia?

330 1350 511 1413 XXXVIII.
557 1349 790 1412 Contumeliam
813 1350 869 1412 tibi
893 1348 964 1430 fecit
988 1350 1111 1430 aliquis:
1138 1351 1291 1431 numquid
1315 1352 1495 1415 maioremt

205 1477 228 1517 n
242 1479 338 1539 quam
355 1458 492 1538 Diogeni
515 1455 705 1539 philosopho
722 1456 850 1520 Stoico?
875 1458 922 1518 cui
944 1459 986 1518 de
1001 1458 1045 1518 ira
1061 1476 1131 1518 cum
1149 1458 1290 1518 maxime
1305 1457 1470 1520 disserenti
1511 1451 1514 1458 ’

244 1565 427 1628 adulescens
462 1572 629 1645 proteruus
659 1545 782 1646 inspuit.
828 1564 899 1625 tulit
929 1564 991 1625 hoc
1021 1563 1071 1624 ille
1102 1564 1211 1626 leniter
1242 1573 1275 1626 et
1304 1566 1472 1646 sapienter.

244 1693 309 1734 non
331 1672 472 1753 quidem,
497 1672 609 1752 inquit,
634 1672 757 1744 irascor,
781 1672 838 1732 sed
863 1671 975 1733 dubito
999 1681 1115 1743 tamen,
1139 1691 1179 1731 an
1202 1681 1352 1752 oporteat
1376 1673 1472 1735 irasci.

244 1788 363 1860 quanto
390 1775 470 1840 Cato
503 1785 611 1838 noster
643 1776 772 1839 melius?
804 1779 872 1859 qui,
904 1799 975 1839 cum
1000 1781 1104 1857 agenti
1128 1797 1255 1840 causam
1280 1779 1310 1839 in
1334 1776 1504 1841 frontem‘t

247 1886 384 1948 mediam
409 1894 561 1966 quantum
585 1892 711 1964 poterat
734 1894 869 1947 attracta
891 1885 1003 1966 pingui
1021 1883 1118 1945 saliua
1137 1886 1302 1966 inspuisset
1320 1884 1475 1954 Lentulus

208 2012 229 2049 rs
244 1992 309 2067 ille,
341 2001 466 2074 patrum
497 2002 677 2053 nostrorum
710 1992 864 2053 memoria
896 1989 1043 2052 factiosus
1075 2002 1108 2053 et
1131 1992 1293 2073 inpotens,
1325 1992 1476 2056 abstersit

244 2099 354 2162 faciem
379 2108 428 2174 et,
459 2097 653 2172 adfirmabO,
684 2099 797 2178 inquit,
826 2098 989 2173 omnibuS,
1021 2097 1171 2172 Lentule,
1199 2097 1262 2161 falli
1284 2118 1341 2161 eos
1364 2101 1421 2182 qui
1444 2110 1476 2163 te

246 2214 364 2286 negant
387 2225 424 2267 os
447 2204 573 2267 habere.
1111 2269 1119 2283 ‚

335 2311 487 2373 XXXIX.
520 2309 661 2392 Contigit
677 2313 739 2374 iam
756 2311 856 2386 nobis,
872 2311 1007 2386 Nouate,
1029 2312 1111 2374 berle
1127 2331 1307 2394 conponere
1323 2315 1476 2378 animum.
1500 2322 1510 2372 l

247 2427 301 2481 aut
330 2439 394 2480 non
425 2419 518 2480 sentit
549 2418 740 2480 iracundiam
772 2428 826 2481 aut
853 2419 995 2500 superior
1018 2428 1085 2481 est:
1120 2419 1282 2506 uideamus
1305 2423 1475 2502 quomodo

207 2543 232 2583 n
247 2525 380 2587 alienam
404 2527 482 2587 iram
505 2506 676 2587 leniamus:
703 2545 762 2586 nec
784 2525 867 2586 enim
891 2526 957 2587 sani
981 2545 1051 2587 esse
1073 2535 1196 2588 tantum
1222 2525 1386 2603 uolumus,
1419 2530 1478 2592 sed

247 2652 366 2694 sanare.
674 2704 678 2711 ¹
986 2635 988 2641 ’

337 2738 474 2808 Primam
499 2738 576 2800 iram
600 2759 664 2800 non
687 2739 874 2801 audebimus
897 2737 1040 2801 oratione
1063 2738 1218 2800 mulcere:
1249 2740 1347 2802 surda
1370 2750 1421 2804 est
1444 2749 1509 2805 etl

248 2865 366 2934 amens.
412 2845 558 2907 dabimus
588 2845 629 2906 illi
660 2846 804 2928 spatium.
851 2847 990 2913 remedia
1017 2847 1046 2906 in
1070 2846 1309 2909 remissionibus
1333 2858 1477 2928 prosunt.

248 2973 307 3021 nec
327 2952 437 3014 oeulos
461 2953 609 3014 tumentis
632 2961 835 3034 temptamus
860 2952 922 3013 uim
947 2955 1102 3032 rIgentem
1127 2954 1288 3015 mouendo
1311 2955 1479 3030 incitaturi,

209 3075 234 3115 aa
249 3079 308 3121 nec
346 3067 450 3140 cetera
489 3058 579 3133 uitia,
619 3060 695 3121 dum
734 3058 863 3121 seruent.
908 3060 992 3121 initia
1031 3059 1216 3121 morborum
1255 3061 1344 3141 quies
1381 3072 1478 3125 curat.

249 3165 451 3246 quantulum,
481 3166 595 3246 inquis,
627 3167 760 3247 prodest
787 3166 961 3228 remedium
993 3174 1099 3240 tuum,
1128 3166 1153 3226 si
1175 3186 1233 3228 sua
1254 3176 1371 3247 sponte
1396 3169 1510 3231 desi-3

250 3281 378 3334 nentem
410 3273 486 3334 iram
517 3272 641 3354 placat?
673 3275 826 3354 prImum,
858 3282 891 3334 ut
922 3272 1011 3334 citius
1042 3270 1182 3346 desinat,
1213 3271 1314 3335 elficit.
1362 3274 1480 3337 deinde

252 3381 405 3454 custodit,
436 3401 475 3441 ne
507 3381 633 3442 recidat.
682 3382 782 3461 ipsum
814 3399 941 3460 quoque
971 3382 1144 3459 Inpetum,‘
1159 3400 1255 3460 quem
1286 3400 1352 3442 non
1383 3383 1482 3444 audet

251 3487 355 3561 lenire,
379 3485 481 3549 fallet:
510 3487 686 3549 remouebit
708 3489 816 3548 omnia
831 3486 955 3548 ultionis
971 3488 1185 3568 instrumenta,
1217 3487 1377 3550 slmulabit
1393 3491 1481 3563 iram,

212 3611 236 3649 ³0
252 3604 286 3655 ut
316 3603 480 3675 tamquam
504 3595 628 3656 adiutor
651 3603 683 3656 et
707 3593 825 3655 doloris
849 3592 957 3654 comes
981 3592 1051 3674 plus
1074 3594 1266 3655 auctoritatis
1289 3596 1321 3656 in
1345 3595 1483 3680 consiliis

205 3741 213 3752 ·
252 3699 376 3763 habeat.
423 3721 529 3763 moras
560 3709 681 3775 nectet,
713 3710 745 3762 et
776 3702 851 3762 dum
885 3701 1036 3761 maiorem
1059 3720 1197 3782 poenam
1220 3703 1359 3781 quaerit,
1391 3722 1481 3784 prae-

256 3916 375 3982 l‚cepisti
479 3913 493 3963 5
520 3919 604 3977 ergote
707 3912 722 3963 ii
748 3911 834 3965 uerba
852 3914 873 3961 si
893 3913 1015 3962 orationes
1034 3913 1084 3962 eius
1103 3914 1247 3976 inprobares
1266 3909 1483 3967 adsentantium

253 4002 410 4056 necessaria
435 4000 544 4054 addidit
570 3999 664 4070 Haupt
766 4000 782 4054 ti
808 4003 843 4050 uls
863 4007 986 4065 tusequo
1091 4000 1123 4052 12
1148 4006 1293 4066 anoporteat
1317 4002 1394 4050 irasci
1414 4001 1483 4061 cod,

254 4110 283 4141 an
311 4095 382 4142 irasci
406 4096 519 4156 oporteat
545 4087 627 4158 uulqo
731 4091 762 4142 ‘13
789 4097 880 4155 quanto
906 4091 970 4140 Cato
996 4087 1122 4143 Fickert:
1150 4095 1241 4155 quanto
1339 4090 1373 4142 tn
1399 4093 1484 4158 inquid

333 4180 364 4231 la
384 4197 534 4245 componere
617 4179 650 4232 ‘ll
671 4185 819 4255 temptamus
834 4177 902 4240 cod,
923 4180 1097 4244 temptabimus
1109 4176 1200 4248 uulso,
1220 4176 1272 4231 sed
1289 4176 1361 4232 illud
1373 4179 1483 4240 rectius,

254 4269 380 4338 qnoniam
399 4267 465 4322 haec
483 4285 537 4321 non
557 4267 595 4322 ad
613 4269 683 4322 iram
697 4266 866 4338 placandam
890 4269 1040 4338 periment,
1066 4266 1117 4321 sed
1134 4284 1172 4322 aar
1198 4265 1325 4337 eoquod
1350 4268 1379 4321 in
1399 4267 1484 4322 oeulis

256 4366 417 4420 cernentibus
433 4367 498 4436 fieri
513 4366 589 4432 solat,
608 4367 793 4436 siqnificatur,
812 4364 879 4436 quid
896 4367 922 4418 tn
943 4366 986 4418 ira
1002 4364 1161 4434 factendam
1180 4365 1215 4418 sit
1254 4409 1256 4413 ,
1317 4365 1352 4418 20¹
1372 4359 1484 4439 reccidat

346 4468 440 4530 impetu
532 4465 564 4516 :u
585 4469 669 4529 poena
689 4465 766 4530 (raro
785 4463 921 4534 exemplo)
