3046 5092
247 343 310 404 226
459 336 537 378 DlAL.
549 336 577 378 X.
606 335 648 376 AD
664 335 818 376 PAVLINVM
835 335 875 375 DE
891 334 1059 376 BREVI'I'ATE
1074 336 1172 379 VITAE.
1200 338 1220 379 4.
1236 340 1256 379 5.

245 483 520 545 subnascebantur.
565 481 649 543 uelut
672 500 769 561 graue
793 479 894 542 multo
917 480 1068 560 sanguine
1092 501 1206 562 corpus
1229 488 1321 563 parte
1343 501 1474 562 semper

240 588 349 672 ,aliqua
377 589 586 671 rumpebatur·
636 590 742 666 itaque
766 586 866 648 otium
891 586 1033 667 optabat.
1078 589 1109 648 in
1132 585 1222 650 huius
1246 608 1305 671 spe
1328 596 1361 648 et
1385 590 1472 669 cogi-

245 698 364 759 tatione
394 695 519 758 labores
551 695 615 756 eius
646 693 834 756 residebant.
881 692 944 755 hoc
975 704 1085 756 uotum
1117 705 1184 757 erat
1215 696 1296 770 eius,
1328 696 1381 777 qui
1406 695 1472 758 uoti

246 811 401 884 conpotes
424 801 528 863 facere
550 809 685 883 poterat.

219 932 231 968 a
335 910 374 972 V.
414 910 539 971 Marcus
564 906 673 969 Cicero
698 909 778 969 inter
795 906 953 983 Catilinas,
978 907 1109 970 Clodios
1132 911 1264 970 iactatus
1285 909 1504 991 Pompeios-1

245 1036 306 1098 que
331 1026 362 1079 et
384 1015 524 1090 Crassos,
547 1016 661 1095 partim
687 1013 868 1076 manifestos
892 1016 1041 1091 inimicos,
1064 1018 1178 1098 partim
1203 1015 1319 1078 dubios
1343 1018 1471 1092 amicos,

246 1126 322 1185 dum
347 1123 515 1184 fluctuatur
538 1143 609 1183 curn
634 1121 793 1204 republica
817 1131 854 1186 et.
872 1121 955 1183 illam
979 1143 1107 1204 pessum
1132 1133 1259 1185 euntem
1283 1132 1390 1199 tenet,
1414 1145 1470 1186 no-

245 1231 371 1292 uissime
409 1229 582 1303 abductuS,
620 1249 679 1290 nec
716 1227 860 1290 secundis
898 1229 991 1291 rebus
1022 1232 1146 1310 quietus
1177 1250 1235 1291 nec
1266 1231 1471 1293 aduersarum

245 1338 383 1418 patiens,
414 1338 560 1418 quotiens
590 1335 675 1396 illurn
708 1336 809 1416 ipsum
840 1335 1037 1398 consulatum
1069 1357 1160 1399 suum
1189 1357 1253 1400 non
1276 1341 1343 1400 sine
1368 1358 1470 1414 causa,

208 1445 302 1505 used
334 1447 399 1506 sine
430 1443 493 1505 fine
516 1444 676 1505 laudatum
701 1443 896 1504 detestatur?
935 1464 1032 1524 quam
1056 1443 1176 1505 flebiles
1201 1464 1296 1505 uoces
1320 1446 1507 1525 exprimit?

245 1556 276 1614 in
299 1552 438 1631 quadam
462 1551 502 1611 ad
526 1549 672 1611 Atticum
697 1549 830 1628 epistula
853 1550 915 1610 iam
934 1550 1024 1611 uicto
1047 1559 1137 1630 patre
1160 1550 1333 1631 Pompei0,
1367 1549 1470 1613 adhuc

155 1684 158 1691 ·
188 1717 192 1725 ,
245 1657 308 1718 filio
339 1659 370 1718 in
394 1657 547 1738 Hispania
577 1654 675 1716 fracta
698 1675 787 1716 arma
810 1653 991 1718 refouente?
1024 1656 1105 1735 qaid
1124 1676 1239 1735 agam,
1273 1658 1390 1738 inquit,
1421 1656 1470 1718 ln‘c

245 1764 399 1843 quaeris?
422 1783 531 1824 moror
551 1762 584 1822 in
615 1761 791 1822 Tusculano
815 1742 882 1822 meo
905 1762 1073 1823 semiliber.
1111 1762 1171 1823 alia
1195 1764 1344 1844 deinceps
1370 1765 1469 1839 adicit,

245 1871 357 1951 quibus
388 1879 420 1931 et
450 1869 588 1950 priorem
620 1877 757 1930 aetatem
788 1866 965 1949 conplorat
978 1878 1011 1931 et
1034 1871 1075 1931 de
1097 1870 1254 1951 praesenti
1277 1873 1419 1951 queritur
1439 1880 1469 1933 et

208 1995 230 2033 u
246 1980 286 2039 de
309 1977 412 2039 sutura
436 1977 592 2057 desperat.
639 1976 851 2037 semiliberum
874 1996 908 2037 se
932 1977 1013 2038 dixit
1037 1975 1166 2044 Cicero:
1193 1985 1227 2039 at
1251 1998 1304 2039 me
1327 1977 1495 2042 hercules3

245 2105 418 2165 numquam
450 2085 574 2164 sapiens
597 2083 626 2143 in
651 2091 717 2143 tarn
742 2081 859 2142 humile
882 2102 998 2144 nomen
1022 2085 1191 2164 procedet,
1223 2105 1399 2166 numquam
1414 2105 1466 2146 se-

246 2191 369 2253 miliber
392 2192 466 2265 erit,
498 2192 638 2270 integrae
661 2209 788 2270 semper
810 2188 962 2251 libertatis
987 2198 1018 2251 et
1041 2190 1178 2265 solidae,
1208 2191 1346 2266 solutus,
1371 2201 1404 2254 et
1425 2191 1468 2253 sui

246 2299 316 2359 iuris
353 2307 385 2359 et
422 2295 514 2358 altior
545 2297 663 2358 ceteris
710 2297 785 2375 quid
817 2296 898 2374 enim
930 2316 1025 2377 supra
1055 2318 1127 2358 eum
1158 2305 1266 2377 potest
1298 2318 1384 2373 esse,
1419 2298 1467 2378 qui

247 2425 341 2486 supra
363 2402 523 2466 fortunam
548 2406 613 2464 est?

206 2528 231 2566 ao
335 2509 390 2572 VI.
438 2510 542 2571 Liuius
566 2509 700 2582 Drusus,
724 2509 770 2570 uir
793 2529 865 2571 acer
888 2519 920 2572 et
942 2507 1130 2584 uehemens,
1164 2530 1235 2571 cum
1259 2509 1347 2590 leges
1371 2519 1491 2572 nouast

246 2627 278 2679 et
302 2616 385 2679 mala
410 2616 595 2679 Gracchana
619 2617 787 2691 mouisset,
818 2618 951 2696 stipatus
974 2616 1090 2697 ingenti
1115 2617 1210 2678 totius
1234 2615 1343 2679 Italiae
1367 2621 1466 2690 coetu,

246 2726 367 2785 exitum
400 2744 503 2784 rerum
534 2744 597 2785 non
629 2725 812 2804 peruidens,
850 2743 928 2804 quas
958 2743 1016 2785 nec
1047 2744 1143 2809 agere
1161 2722 1288 2785 licebat
1317 2743 1378 2785 nec
1408 2725 1467 2785 iam

245 2829 377 2892 liberum
411 2839 478 2891 erat
509 2828 606 2890 semel
638 2827 801 2891 incohatas
832 2829 1019 2911 relinquere,
1053 2839 1218 2892 execratus
1250 2829 1422 2909 inquietam
1451 2818 1479 2892 a⁸

246 2938 425 3017 primordiis
458 2939 554 2998 uitam
588 2937 699 2997 dicitur
728 2928 863 2997 dixisse:
899 2939 950 2998 uni
982 2937 1040 2998 sibi
1063 2957 1103 2997 ne
1126 2956 1224 3016 puero
1247 2937 1379 3017 quidem
1403 2957 1466 2998 unr-

206 3061 231 3100 ts
246 3064 341 3124 quarn
381 3042 472 3104 ferias
512 3043 688 3137 contigisse.
743 3062 835 3103 ausus
876 3050 925 3104 est
957 3044 1039 3103 enim
1073 3050 1105 3104 et
1136 3041 1270 3123 pupillus
1302 3043 1409 3106 adhuc
1438 3053 1468 3105 et

245 3158 465 3231 praetextatus
500 3149 653 3210 iudicibus
688 3169 760 3210 reos
795 3151 1022 3211 commendare
1052 3159 1084 3212 et
1114 3152 1249 3229 gratiam
1280 3171 1371 3213 suam
1402 3150 1467 3213 foro

245 3258 445 3338 interponere
468 3266 534 3319 tarn
547 3244 726 3318 'efficaciter
749 3258 886 3337 quidem,
910 3266 944 3318 ut
967 3258 1123 3336 quaedam
1147 3258 1258 3320 iudicia
1281 3268 1408 3321 constet
1430 3259 1467 3320 ab

247 3362 300 3425 illo
332 3372 429 3445 rapta.
476 3385 539 3445 quo
570 3385 633 3424 non
665 3372 844 3444 erumperet
867 3371 932 3424 tarn
956 3366 1113 3425 inmatura
1135 3365 1289 3426 ambitio?
1322 3367 1418 3428 scires
1440 3366 1493 3426 in?

246 3470 368 3532 malum
391 3471 501 3550 ingens
525 3471 557 3531 et
580 3471 736 3551 priuatum
760 3479 793 3532 et
815 3469 974 3548 publicum
992 3477 1156 3531 euasuram
1173 3480 1240 3533 tam
1256 3492 1468 3554 praecoquem

245 3632 457 3639 ———-

246 3737 260 3788 1
287 3742 357 3801 parte
381 3752 477 3800 semper
502 3735 583 3799 aliqua
608 3735 765 3800 rumpebatur
786 3731 953 3787 Gronovius:
981 3728 1061 3799 pa'rtes
1085 3751 1156 3799 semp
1182 3735 1273 3799 aliqua,
1289 3736 1332 3803 (ua
1358 3736 1387 3788 t'rt
1405 3734 1467 3804 ras.)

244 3878 375 3944 rt‘rpebant'
478 3876 641 3943 4'c0mpotes
732 3877 892 3930 701‘1.R.P.
985 3877 1016 3928 11
1036 3821 1243 3942 inquadt'talitticfl
1335 3878 1368 3932 13
1393 3881 1467 3944 queris

332 3969 393 4017 semi
412 3969 475 4016 liber
495 3967 589 4036 (prior
609 3970 617 4017 i
635 3967 663 4019 ia
682 3968 749 4028 ras.)
841 3965 873 4016 ll
896 3968 1002 4031 queritur
1099 3965 1131 4019 16
1157 3968 1270 4031 procidet
1291 3959 1385 4022 Haase

243 4056 276 4133 18
301 4059 414 4123 ευρΜεῖι
441 4055 568 4126 (praeter
587 4074 613 4105 su
637 4056 750 4120 iuras.)
878 4055 912 4108 ‘20
935 4072 991 4104 acer
1010 4067 1032 4104 et
1053 4055 1179 4127 (praeter
1198 4073 1212 4104 a
1231 4055 1258 4108 in
1277 4059 1346 4121 ras.)

242 4182 274 4234 2t
300 4184 428 4246 grachana
537 4157 637 4245 stipatus
656 4182 748 4245 ingenti
857 4187 910 4243 cetu
1007 4178 1041 4232 22
1061 4181 1143 4248 agere]
1163 4189 1223 4233 erat
1241 4195 1302 4233 oum
1321 4180 1466 4235 corticeum
1494 4213 1504 4231 0

242 4287 360 4335 peragere
378 4269 417 4322 ad
435 4267 589 4339 exemplum
610 4267 743 4331 Lr'ur'r'ra,
762 4273 790 4321 15
810 4270 975 4333 peragendum
996 4271 1128 4334 inceptum,
1148 4267 1199 4323 sed
1215 4268 1280 4323 uide
1299 4284 1361 4340 epp.
1376 4272 1417 4331 59,
1437 4269 1464 4319 tt

242 4367 265 4410 et
284 4363 382 4426 incepta
401 4376 475 4423 agere
493 4361 657 4423 perseuerauit
765 4357 798 4410 23
819 4359 947 4407 inchoatas
967 4359 1026 4425 (cho
1045 4359 1072 4410 in
1091 4361 1159 4422 ras.)
1266 4358 1301 4412 26
1324 4361 1464 4424 pretextatus

330 4449 364 4502 29
384 4456 433 4498 tam
454 4465 619 4512 praecoquem
640 4446 801 4501 Pincianus:
822 4464 971 4512 precoquem
