3046 5092
222 303 286 364 232
422 297 500 340 DIAL.
511 297 540 340 X.
568 297 610 336 AD
626 295 781 338 PAVLINVM
797 297 838 336 DE
853 296 1021 336 BREVITATE
1037 296 1133 339 VITAE.
1163 298 1195 339 10.
1216 298 1248 340 li.

222 454 255 507 et
278 444 303 504 si
321 439 426 517 uacet,
450 443 616 503 iniucunda
640 451 689 504 est
712 442 920 522 paenitendae
944 443 986 502 rei
1008 442 1193 503 recordatio.
1215 482 1218 488 -
1240 442 1326 503 inuiti
1342 442 1447 523 itaque
1466 457 1480 508 3

221 553 262 612 ad
279 561 425 631 tempora
441 548 524 610 male
540 557 654 610 exacta
668 549 806 610 animum
824 558 974 611 reuocant
990 570 1048 609 nec
1063 549 1181 611 audent
1195 569 1232 610 ea
1246 557 1447 631 retemptare,

221 677 355 739 quorum
387 657 477 730 uitia,
513 656 608 717 etiam
639 676 719 735 quae
751 655 854 736 aliquo
885 656 1058 736 praesentis
1091 655 1259 737 uoluptatis
1291 655 1446 717 lenocinio

221 763 451 844 subrepebant,
483 763 686 824 retractando
710 771 884 843 patescunt.
931 783 1042 836 nem0‚
1067 762 1123 824 nisi
1146 763 1221 843 quoi
1245 764 1355 825 omnia
1376 772 1448 824 acta

195 878 293 931 esunt
316 869 375 930 sub
400 889 530 930 censura
553 890 616 943 sua,
641 890 722 950 quae
745 890 917 950 numquam
942 868 1064 945 fallitur,
1088 869 1222 932 libenter
1245 891 1280 931 se
1303 869 1333 930 in
1357 890 1446 950 prae·

221 977 348 1038 teritum
385 983 555 1056 retorquet.
609 974 658 1036 ille
688 978 741 1056 qui
774 975 872 1037 muita
903 976 1071 1039 ambitiose
1102 979 1275 1058 concupiit,
1311 975 1480 1057 superber'

203 1084 423 1163 contempsit,
446 1083 625 1162 inpotenter
646 1082 726 1156 uicit,
750 1082 895 1145 insidiose
912 1084 1045 1164 decepit,
1069 1103 1162 1144 auare
1179 1085 1288 1163 rapuit,
1312 1084 1449 1164 prodige

223 1189 347 1262 effudit,
380 1209 507 1249 necesse
532 1197 580 1250 est
604 1191 789 1250 memoriam
813 1211 904 1251 suam
927 1190 1056 1252 timeat:
1091 1191 1177 1271 atqui
1200 1188 1280 1251 haec
1303 1197 1352 1251 est
1376 1211 1449 1270 pars

223 1298 375 1377 temporis
407 1298 504 1356 nostri
536 1316 625 1357 sacra
655 1316 692 1356 ac
724 1296 885 1370 dedicata,
918 1297 1021 1358 omnis
1045 1297 1201 1358 humanos
1225 1314 1317 1358 casus
1339 1316 1447 1377 super-

115 1389 118 1396 ’
185 1421 209 1460 u
224 1424 348 1484 gressa,
380 1412 471 1462 extra
501 1422 633 1481 regnum
658 1400 801 1463 fortunae
824 1403 995 1477 subducta,
1026 1424 1121 1484 quam
1146 1423 1209 1464 non
1233 1403 1353 1484 inopia,
1385 1424 1449 1464 non

224 1519 344 1584 metuS,
375 1529 438 1568 non
470 1507 655 1570 morborum
688 1509 828 1570 incursus
859 1510 1009 1589 exagitet.
1056 1509 1134 1571 haec
1165 1530 1224 1570 nec
1246 1509 1368 1571 turbari
1390 1530 1448 1571 nec

224 1617 300 1697 eripi
335 1623 460 1696 potest:
502 1623 655 1695 perpetua
687 1616 750 1676 eius
781 1625 813 1676 et
843 1615 999 1696 intrepida
1028 1617 1188 1696 possessio
1220 1625 1276 1678 est.
1338 1616 1449 1695 singuli
1479 1666 1490 1671 -

224 1732 346 1785 tantum
378 1721 462 1794 dies,
494 1730 526 1783 et
558 1721 588 1782 hi
611 1743 667 1802 per
692 1731 872 1796 momenta,
903 1731 1085 1802 praesentes
1109 1731 1199 1785 sunt:
1233 1731 1266 1784 at
1290 1723 1448 1805 praeteriti

181 1887 184 1893 .
224 1831 377 1910 temporis
402 1846 529 1902 omnes,
553 1847 625 1888 cum
650 1828 788 1902 iusseris,
812 1820 953 1902 aderunt,
978 1829 1020 1890 ad
1043 1829 1203 1891 arbitrium
1227 1837 1316 1891 tuum
1342 1829 1448 1909 inspici

187 1955 208 1991 u
224 1958 257 1997 se
281 1956 318 1996 ac
342 1935 472 1996 detineri
495 1936 661 2015 patientur,
685 1936 773 2016 quod
797 1933 899 1996 facere
923 1936 1085 2016 occupatis
1102 1956 1166 1996 non
1184 1944 1283 1996 uacat.
1320 1955 1447 1998 securae
1470 1951 1491 1999 ἴ

223 2052 255 2105 et
278 2043 402 2123 quietae
426 2041 539 2102 mentis
563 2049 611 2102 est
634 2041 664 2100 in
688 2062 801 2103 omnes
821 2043 904 2103 uitae
925 2063 999 2103 suae
1015 2052 1121 2123 partes
1137 2043 1329 2112 discurrere:
1358 2062 1447 2103 occu-

223 2159 370 2231 patorum
399 2147 510 2222 animi,
541 2146 626 2209 uelut
648 2147 708 2209 sub
731 2150 806 2228 iugo
830 2148 907 2223 sint,
939 2148 1066 2210 flectere
1089 2170 1124 2211 se
1147 2170 1184 2210 ac
1207 2150 1362 2230 respicere
1385 2169 1446 2210 non

223 2263 364 2336 possunt.
410 2254 476 2314 abit
499 2253 592 2332 igitur
614 2255 679 2314 uita
702 2274 811 2315 eorum
835 2255 866 2315 in
888 2255 1080 2336 profundum
1105 2265 1138 2317 et
1160 2264 1196 2317 ut
1218 2253 1292 2317 nihil
1308 2257 1446 2336 prodest,

223 2361 296 2423 iicet
318 2369 471 2441 quantum
495 2358 571 2449 libet
594 2361 725 2440 ingeras,
749 2362 773 2422 si
797 2383 861 2422 non
884 2361 1002 2436 subest,
1025 2363 1113 2442 quod
1129 2363 1267 2443 excipiat
1282 2383 1320 2423 ac
1335 2371 1446 2435 seruet,

184 2483 210 2523 m
224 2469 268 2530 sic
292 2466 365 2528 nihil
389 2466 482 2529 refert
506 2477 658 2548 quantum
682 2468 834 2549 temporis
858 2469 965 2542 detur,
990 2469 1013 2528 si
1037 2490 1101 2530 non
1125 2479 1180 2543 est,
1205 2469 1258 2530 ubi
1281 2468 1442 2531 subsidat:

224 2596 280 2656 per
315 2594 446 2656 quassos
482 2572 664 2655 foratosque
699 2577 822 2637 animos
858 2576 1085 2638 transmittitur.
1141 2594 1291 2655 praesens
1322 2584 1473 2657 tempusss

224 2683 442 2744 breuissimum
474 2691 537 2756 est,
568 2681 649 2742 adeo
681 2682 827 2763 quidem,
861 2690 893 2743 ut
924 2682 1114 2762 quibusdam
1147 2681 1263 2743 nullum
1296 2683 1445 2745 uideatur.

224 2790 254 2850 in
277 2809 367 2850 cursu
392 2788 473 2850 enim
497 2808 623 2869 semper
647 2788 714 2861 est,¹
728 2787 794 2850 fluit
817 2796 849 2849 et
872 2789 1102 2870 praecipitatur.
1149 2797 1223 2850 ante
1244 2789 1358 2851 desinit
1381 2809 1446 2850 esse

172 2935 182 2949 ·
225 2916 320 2976 quam
352 2897 451 2970 uenit,
483 2915 541 2956 nec
566 2895 666 2975 magis
691 2915 815 2956 moram
839 2896 955 2976 patitur
978 2916 1074 2976 quam
1099 2897 1236 2957 mundus
1259 2904 1314 2958 aut
1337 2898 1446 2969 sidera,

185 3019 211 3058 rs
225 3022 358 3082 quorum
391 3002 562 3083 inrequieta
591 3022 716 3083 semper
747 3002 878 3081 agitatio
910 3021 1082 3083 numquam
1114 3002 1143 3062 in
1175 3003 1291 3064 eodem
1315 3003 1446 3083 uestigio

226 3118 338 3169 manet.
386 3107 488 3169 solum
513 3109 605 3188 igitur
628 3109 669 3169 ad
694 3116 867 3188 occupatos
887 3128 1036 3188 praesens
1052 3109 1187 3189 pertinet
1202 3117 1340 3190 tempus,
1363 3109 1447 3191 quod

225 3223 291 3276 tam
314 3214 412 3276 breue
436 3224 498 3289 est,
523 3224 556 3277 ut
580 3215 678 3296 adripi
702 3236 772 3284 non¹
790 3215 906 3294 possit,
931 3223 963 3275 et
986 3214 1016 3275 id
1041 3217 1145 3297 ipsum
1169 3215 1226 3276 illis
1250 3215 1397 3278 districtis
1419 3216 1447 3276 in

226 3318 325 3382 multa
347 3321 537 3384 subducitur.

315 3427 368 3488 XI.
407 3427 551 3509 Denique
588 3430 632 3490 uis
664 3428 743 3490 scire
774 3448 869 3509 quam
902 3448 965 3489 non
997 3429 1048 3488 diu
1080 3429 1206 3492 uiuant?
1251 3430 1324 3490 uide
1355 3439 1473 3510 quaml

186 3552 212 3592 au
226 3533 352 3616 cupiant
373 3534 426 3595 diu
443 3537 556 3596 uiuere.
602 3535 752 3615 decrepiti
768 3555 860 3596 senes
875 3539 1049 3617 paucorum
1066 3555 1221 3598 annorum
1237 3535 1447 3597 accessionem

227 3729 438 3736 —————

227 3852 393 3904 1iniocunda
414 3851 439 3917 (o
459 3851 542 3917 corr.)
633 3853 763 3916 penitende
783 3853 807 3919 (e
825 3852 852 3904 fn
872 3854 938 3917 ros.)
1029 3851 1235 3917 tsubrepebant
1254 3850 1282 3905 Ε
1288 3853 1312 3901 ¹:
1334 3853 1448 3916 subripie·

225 3995 314 4044 bantur
334 3992 496 4063 (priorbin
510 3993 577 4059 ras.)
667 3996 724 4059 quoi
741 3991 889 4048 Gruterus:
911 4012 960 4061 quo
1051 3994 1198 4048 insomne
1288 3951 1448 4061 quanfdopia

351 4082 366 4135 3
392 4099 434 4147 per
458 4090 583 4143 momenta
602 4081 766 4135 deteriores:
786 4086 874 4148 pmoni
893 4091 976 4132 menta
1087 4082 1119 4134 14
1143 4084 1241 4133 iusseris
1260 4081 1317 4138 Εἲς
1339 4082 1448 4134 iusseritis
1480 4105 1491 4114 ·

333 4082 346 4135 1

337 4171 367 4224 15
386 4172 507 4235 patientur
525 4171 615 4224 nescio
634 4171 710 4240 quis:
732 4173 854 4236 patiuntur
873 4173 953 4238 (untur
971 4171 998 4224 in
1017 4172 1084 4238 ras.)
1177 4172 1209 4225 :tt
1229 4175 1278 4238 uite
1298 4177 1325 4240 (u
1344 4173 1371 4226 in
1384 4170 1446 4236 ras.)

334 4259 368 4312 20
386 4260 481 4309 referta
579 4260 608 4313 ‘21
633 4265 732 4310 Presens
836 4260 868 4312 25»
888 4262 1039 4325 inrequieta
1059 4259 1097 4326 (in
1117 4276 1202 4331 mm'f·
1223 4278 1257 4315 m.
1277 4269 1291 4314 3
1312 4263 1446 4326 inrequieta,

227 4401 520 4472 sedsupranscrt'pfa
534 4407 575 4456 est
587 4399 648 4469 u)'
704 4403 793 4456 ineodt‘t
884 4365 1013 4467 atar⁸r1pi
1103 4361 1176 4468 possit.
