<?xml version="1.0" encoding="UTF-8"?>
<!DOCTYPE html PUBLIC "-//W3C//DTD XHTML 1.0 Transitional//EN"
    "http://www.w3.org/TR/xhtml1/DTD/xhtml1-transitional.dtd">
<html xmlns="http://www.w3.org/1999/xhtml" xml:lang="en" lang="en">
 <head>
  <title>
</title>
<meta http-equiv="Content-Type" content="text/html;charset=utf-8" />
  <meta name='ocr-system' content='tesseract 3.04.00' />
  <meta name='ocr-capabilities' content='ocr_page ocr_carea ocr_par ocr_line ocrx_word'/>
</head>
<body>
  <div class='ocr_page' id='page_1' title='image "./lannaeisenecaed00vahlgoog_0184.png"; bbox 0 0 3046 5092; ppageno 0'>
   <div class='ocr_carea' id='block_1_1' title="bbox 324 337 1302 406">
    <p class='ocr_par' dir='ltr' id='par_1_1' title="bbox 324 337 1302 406">
     <span class='ocr_line' id='line_1_1' title="bbox 324 337 1302 406; baseline 0 -27"><span class='ocrx_word' id='word_1_1' title='bbox 324 337 404 381; x_wconf 81' lang='lat' dir='ltr'>DIAL.</span> <span class='ocrx_word' id='word_1_2' title='bbox 420 339 458 383; x_wconf 80' lang='lat' dir='ltr'><strong>vl.</strong></span> <span class='ocrx_word' id='word_1_3' title='bbox 486 339 529 380; x_wconf 78' lang='lat' dir='ltr'><strong>An</strong></span> <span class='ocrx_word' id='word_1_4' title='bbox 544 337 687 380; x_wconf 79' lang='lat' dir='ltr'><strong>MARCIAM</strong></span> <span class='ocrx_word' id='word_1_5' title='bbox 702 338 742 379; x_wconf 82' lang='lat' dir='ltr'><strong>DE</strong></span> <span class='ocrx_word' id='word_1_6' title='bbox 757 337 999 381; x_wconf 79' lang='lat' dir='ltr'><strong>CONSOLA&#39;I&#39;IONE.</strong></span> <span class='ocrx_word' id='word_1_7' title='bbox 1027 341 1062 382; x_wconf 71' lang='lat'><strong>20.</strong></span> <span class='ocrx_word' id='word_1_8' title='bbox 1242 347 1302 406; x_wconf 74' lang='lat'><strong>145</strong></span> 
     </span>
    </p>
   </div>
   <div class='ocr_carea' id='block_1_2' title="bbox 18 483 1432 3440">
    <p class='ocr_par' dir='ltr' id='par_1_2' title="bbox 35 483 1305 886">
     <span class='ocr_line' id='line_1_2' title="bbox 35 483 1305 567; baseline 0 -21"><span class='ocrx_word' id='word_1_9' title='bbox 35 493 52 545; x_wconf 92' lang='lat'><strong>3</strong></span> <span class='ocrx_word' id='word_1_10' title='bbox 72 484 198 546; x_wconf 85' lang='lat' dir='ltr'><strong>saluum</strong></span> <span class='ocrx_word' id='word_1_11' title='bbox 216 504 255 545; x_wconf 87' lang='lat' dir='ltr'><strong>ac</strong></span> <span class='ocrx_word' id='word_1_12' title='bbox 268 493 434 566; x_wconf 90' lang='lat' dir='ltr'><strong>potentem</strong></span> <span class='ocrx_word' id='word_1_13' title='bbox 451 485 497 546; x_wconf 93' lang='lat' dir='ltr'><strong>sui</strong></span> <span class='ocrx_word' id='word_1_14' title='bbox 520 485 659 567; x_wconf 90' lang='lat' dir='ltr'><strong>possim:</strong></span> <span class='ocrx_word' id='word_1_15' title='bbox 685 484 790 546; x_wconf 89' lang='lat' dir='ltr'><strong>habeo</strong></span> <span class='ocrx_word' id='word_1_16' title='bbox 813 486 900 565; x_wconf 93' lang='lat' dir='ltr'><strong>quod</strong></span> <span class='ocrx_word' id='word_1_17' title='bbox 924 483 1089 566; x_wconf 85' lang='lat' dir='ltr'><strong>adpellem.</strong></span> <span class='ocrx_word' id='word_1_18' title='bbox 1127 485 1222 545; x_wconf 90' lang='lat' dir='ltr'><strong>uideo</strong></span> <span class='ocrx_word' id='word_1_19' title='bbox 1237 485 1305 546; x_wconf 90' lang='lat' dir='ltr'><strong>istic</strong></span> 
     </span>
     <span class='ocr_line' id='line_1_3' title="bbox 72 590 1305 681; baseline 0 -29"><span class='ocrx_word' id='word_1_20' title='bbox 72 610 184 652; x_wconf 90' lang='lat' dir='ltr'><strong>cruces</strong></span> <span class='ocrx_word' id='word_1_21' title='bbox 200 610 241 652; x_wconf 88' lang='lat' dir='ltr'><strong>ne</strong></span> <span class='ocrx_word' id='word_1_22' title='bbox 261 591 351 652; x_wconf 89' lang='lat' dir='ltr'><strong>unius</strong></span> <span class='ocrx_word' id='word_1_23' title='bbox 365 592 495 670; x_wconf 92' lang='lat' dir='ltr'><strong>quidem</strong></span> <span class='ocrx_word' id='word_1_24' title='bbox 519 593 641 672; x_wconf 86' lang='lat' dir='ltr'><strong>generis</strong></span> <span class='ocrx_word' id='word_1_25' title='bbox 664 592 722 652; x_wconf 90' lang='lat' dir='ltr'><strong>sed</strong></span> <span class='ocrx_word' id='word_1_26' title='bbox 744 590 833 652; x_wconf 87' lang='lat' dir='ltr'><strong>aliter</strong></span> <span class='ocrx_word' id='word_1_27' title='bbox 849 591 889 652; x_wconf 91' lang='lat' dir='ltr'><strong>ab</strong></span> <span class='ocrx_word' id='word_1_28' title='bbox 906 590 970 652; x_wconf 90' lang='lat' dir='ltr'><strong>aliis</strong></span> <span class='ocrx_word' id='word_1_29' title='bbox 994 590 1176 681; x_wconf 88' lang='lat' dir='ltr'><strong>fabricatas:</strong></span> <span class='ocrx_word' id='word_1_30' title='bbox 1203 592 1305 672; x_wconf 84' lang='lat' dir='ltr'><strong>capite</strong></span> 
     </span>
     <span class='ocr_line' id='line_1_4' title="bbox 72 694 1304 779; baseline -0.001 -21"><span class='ocrx_word' id='word_1_31' title='bbox 72 698 207 779; x_wconf 91' lang='lat' dir='ltr'><strong>quidam</strong></span> <span class='ocrx_word' id='word_1_32' title='bbox 231 717 402 758; x_wconf 90' lang='lat' dir='ltr'><strong>conuersos</strong></span> <span class='ocrx_word' id='word_1_33' title='bbox 426 698 456 758; x_wconf 90' lang='lat' dir='ltr'><strong>in</strong></span> <span class='ocrx_word' id='word_1_34' title='bbox 478 706 595 759; x_wconf 91' lang='lat' dir='ltr'><strong>terram</strong></span> <span class='ocrx_word' id='word_1_35' title='bbox 619 698 827 778; x_wconf 87' lang='lat' dir='ltr'><strong>suspendere,</strong></span> <span class='ocrx_word' id='word_1_36' title='bbox 851 694 900 758; x_wconf 86' lang='lat' dir='ltr'><strong>alii</strong></span> <span class='ocrx_word' id='word_1_37' title='bbox 923 718 980 778; x_wconf 93' lang='lat' dir='ltr'><strong>per</strong></span> <span class='ocrx_word' id='word_1_38' title='bbox 1003 698 1143 759; x_wconf 91' lang='lat' dir='ltr'><strong>obscena</strong></span> <span class='ocrx_word' id='word_1_39' title='bbox 1165 697 1304 777; x_wconf 77' lang='lat' dir='ltr'><strong>stipitem</strong></span> 
     </span>
     <span class='ocr_line' id='line_1_5' title="bbox 72 802 1305 886; baseline -0.001 -21"><span class='ocrx_word' id='word_1_40' title='bbox 72 812 223 884; x_wconf 86' lang='lat' dir='ltr'><strong>egerunt,</strong></span> <span class='ocrx_word' id='word_1_41' title='bbox 247 803 297 865; x_wconf 90' lang='lat' dir='ltr'><strong>alii</strong></span> <span class='ocrx_word' id='word_1_42' title='bbox 319 804 448 866; x_wconf 90' lang='lat' dir='ltr'><strong>brachia</strong></span> <span class='ocrx_word' id='word_1_43' title='bbox 469 804 613 886; x_wconf 91' lang='lat' dir='ltr'><strong>patibulo</strong></span> <span class='ocrx_word' id='word_1_44' title='bbox 636 804 861 885; x_wconf 88' lang='lat' dir='ltr'><strong>explicuerunt.</strong></span> <span class='ocrx_word' id='word_1_45' title='bbox 907 805 1001 865; x_wconf 90' lang='lat' dir='ltr'><strong>uideo</strong></span> <span class='ocrx_word' id='word_1_46' title='bbox 1024 802 1178 878; x_wconf 85' lang='lat' dir='ltr'><strong>fidiculas,</strong></span> <span class='ocrx_word' id='word_1_47' title='bbox 1211 803 1305 864; x_wconf 91' lang='lat' dir='ltr'><strong>uideo</strong></span> 
     </span>
    </p>

    <p class='ocr_par' dir='ltr' id='par_1_3' title="bbox 18 901 1371 1311">
     <span class='ocr_line' id='line_1_6' title="bbox 18 901 1371 990; baseline -0.004 -18"><span class='ocrx_word' id='word_1_48' title='bbox 18 924 21 929; x_wconf 76' lang='grc'><strong><em>’</em></strong></span> <span class='ocrx_word' id='word_1_49' title='bbox 72 911 219 972; x_wconf 88' lang='lat' dir='ltr'><strong>uerbera.</strong></span> <span class='ocrx_word' id='word_1_50' title='bbox 253 918 284 971; x_wconf 90' lang='lat' dir='ltr'><strong>et</strong></span> <span class='ocrx_word' id='word_1_51' title='bbox 308 910 459 972; x_wconf 86' lang='lat' dir='ltr'><strong>membris</strong></span> <span class='ocrx_word' id='word_1_52' title='bbox 482 910 609 990; x_wconf 87' lang='lat' dir='ltr'><strong>singulis</strong></span> <span class='ocrx_word' id='word_1_53' title='bbox 633 919 665 972; x_wconf 91' lang='lat' dir='ltr'><strong>et</strong></span> <span class='ocrx_word' id='word_1_54' title='bbox 688 909 823 971; x_wconf 87' lang='lat' dir='ltr'><strong>articulis</strong></span> <span class='ocrx_word' id='word_1_55' title='bbox 846 909 969 990; x_wconf 84' lang='lat' dir='ltr'><strong>singula</strong></span> <span class='ocrx_word' id='word_1_56' title='bbox 990 919 1164 971; x_wconf 87' lang='lat' dir='ltr'><strong>nocuerunt</strong></span> <span class='ocrx_word' id='word_1_57' title='bbox 1188 909 1331 971; x_wconf 77' lang='lat' dir='ltr'><strong>machi-r</strong></span> <span class='ocrx_word' id='word_1_58' title='bbox 1367 901 1371 909; x_wconf 73' lang='grc'><em>’</em></span> 
     </span>
     <span class='ocr_line' id='line_1_7' title="bbox 72 1016 1305 1091; baseline -0.001 -13"><span class='ocrx_word' id='word_1_59' title='bbox 72 1026 246 1079; x_wconf 89' lang='lat' dir='ltr'><strong>namenta:</strong></span> <span class='ocrx_word' id='word_1_60' title='bbox 280 1018 338 1078; x_wconf 91' lang='lat' dir='ltr'><strong>sed</strong></span> <span class='ocrx_word' id='word_1_61' title='bbox 371 1017 465 1079; x_wconf 89' lang='lat' dir='ltr'><strong>uideo</strong></span> <span class='ocrx_word' id='word_1_62' title='bbox 489 1027 522 1080; x_wconf 90' lang='lat' dir='ltr'><strong>et</strong></span> <span class='ocrx_word' id='word_1_63' title='bbox 545 1025 692 1078; x_wconf 87' lang='lat' dir='ltr'><strong>mortem.</strong></span> <span class='ocrx_word' id='word_1_64' title='bbox 739 1026 810 1078; x_wconf 92' lang='lat' dir='ltr'><strong>sunt</strong></span> <span class='ocrx_word' id='word_1_65' title='bbox 834 1017 901 1078; x_wconf 91' lang='lat' dir='ltr'><strong>istic</strong></span> <span class='ocrx_word' id='word_1_66' title='bbox 924 1016 1033 1078; x_wconf 90' lang='lat' dir='ltr'><strong>hostes</strong></span> <span class='ocrx_word' id='word_1_67' title='bbox 1057 1017 1191 1091; x_wconf 87' lang='lat' dir='ltr'><strong>cruenti,</strong></span> <span class='ocrx_word' id='word_1_68' title='bbox 1222 1018 1305 1077; x_wconf 91' lang='lat' dir='ltr'><strong>ciues</strong></span> 
     </span>
     <span class='ocr_line' id='line_1_8' title="bbox 72 1122 1306 1204; baseline 0 -20"><span class='ocrx_word' id='word_1_69' title='bbox 72 1124 222 1204; x_wconf 87' lang='lat' dir='ltr'><strong>superbi:</strong></span> <span class='ocrx_word' id='word_1_70' title='bbox 257 1124 315 1185; x_wconf 92' lang='lat' dir='ltr'><strong>sed</strong></span> <span class='ocrx_word' id='word_1_71' title='bbox 346 1124 439 1185; x_wconf 92' lang='lat' dir='ltr'><strong>uideo</strong></span> <span class='ocrx_word' id='word_1_72' title='bbox 470 1125 538 1185; x_wconf 89' lang='lat' dir='ltr'><strong>istic</strong></span> <span class='ocrx_word' id='word_1_73' title='bbox 568 1132 600 1184; x_wconf 88' lang='lat' dir='ltr'><strong>et</strong></span> <span class='ocrx_word' id='word_1_74' title='bbox 631 1132 776 1184; x_wconf 91' lang='lat' dir='ltr'><strong>mortem.</strong></span> <span class='ocrx_word' id='word_1_75' title='bbox 823 1143 885 1183; x_wconf 93' lang='lat' dir='ltr'><strong>non</strong></span> <span class='ocrx_word' id='word_1_76' title='bbox 918 1132 965 1184; x_wconf 90' lang='lat' dir='ltr'><strong>est</strong></span> <span class='ocrx_word' id='word_1_77' title='bbox 989 1122 1158 1184; x_wconf 91' lang='lat' dir='ltr'><strong>molestum</strong></span> <span class='ocrx_word' id='word_1_78' title='bbox 1182 1122 1306 1195; x_wconf 90' lang='lat' dir='ltr'><strong>seruire,</strong></span> 
     </span>
     <span class='ocr_line' id='line_1_9' title="bbox 74 1229 1305 1311; baseline -0.001 -21"><span class='ocrx_word' id='word_1_79' title='bbox 74 1229 129 1290; x_wconf 95' lang='lat' dir='ltr'><strong>ubi</strong></span> <span class='ocrx_word' id='word_1_80' title='bbox 153 1230 188 1290; x_wconf 92' lang='lat' dir='ltr'><strong>si·</strong></span> <span class='ocrx_word' id='word_1_81' title='bbox 201 1229 331 1291; x_wconf 91' lang='lat' dir='ltr'><strong>dominii</strong></span> <span class='ocrx_word' id='word_1_82' title='bbox 353 1241 533 1311; x_wconf 84' lang='lat' dir='ltr'><strong>pertaesum</strong></span> <span class='ocrx_word' id='word_1_83' title='bbox 550 1240 607 1305; x_wconf 91' lang='lat' dir='ltr'><strong>est,</strong></span> <span class='ocrx_word' id='word_1_84' title='bbox 631 1230 702 1291; x_wconf 90' lang='lat' dir='ltr'><strong>licet</strong></span> <span class='ocrx_word' id='word_1_85' title='bbox 718 1250 782 1291; x_wconf 92' lang='lat' dir='ltr'><strong>uno</strong></span> <span class='ocrx_word' id='word_1_86' title='bbox 798 1231 898 1309; x_wconf 86' lang='lat' dir='ltr'><strong>gradu</strong></span> <span class='ocrx_word' id='word_1_87' title='bbox 915 1231 956 1290; x_wconf 91' lang='lat' dir='ltr'><strong>ad</strong></span> <span class='ocrx_word' id='word_1_88' title='bbox 972 1229 1150 1290; x_wconf 87' lang='lat' dir='ltr'><strong>libertatem</strong></span> <span class='ocrx_word' id='word_1_89' title='bbox 1166 1229 1305 1290; x_wconf 90' lang='lat' dir='ltr'><strong>transire.</strong></span> 
     </span>
    </p>

    <p class='ocr_par' dir='ltr' id='par_1_4' title="bbox 38 1335 1432 2694">
     <span class='ocr_line' id='line_1_10' title="bbox 38 1335 1306 1415; baseline 0.002 -22"><span class='ocrx_word' id='word_1_90' title='bbox 38 1340 183 1397; x_wconf 73' lang='lat' dir='ltr'><strong>tcaram</strong></span> <span class='ocrx_word' id='word_1_91' title='bbox 214 1344 263 1411; x_wconf 91' lang='lat' dir='ltr'><strong>te,</strong></span> <span class='ocrx_word' id='word_1_92' title='bbox 299 1337 379 1411; x_wconf 86' lang='lat' dir='ltr'><strong>uita,</strong></span> <span class='ocrx_word' id='word_1_93' title='bbox 414 1335 568 1398; x_wconf 88' lang='lat' dir='ltr'><strong>beneficio</strong></span> <span class='ocrx_word' id='word_1_94' title='bbox 600 1337 710 1398; x_wconf 92' lang='lat' dir='ltr'><strong>mortis</strong></span> <span class='ocrx_word' id='word_1_95' title='bbox 742 1335 856 1397; x_wconf 76' lang='lat' dir='ltr'><strong>habeo,</strong></span> <span class='ocrx_word' id='word_1_96' title='bbox 911 1336 1017 1415; x_wconf 83' lang='lat' dir='ltr'><strong>cogita</strong></span> <span class='ocrx_word' id='word_1_97' title='bbox 1046 1344 1199 1415; x_wconf 89' lang='lat' dir='ltr'><strong>quantum</strong></span> <span class='ocrx_word' id='word_1_98' title='bbox 1230 1335 1306 1396; x_wconf 90' lang='lat' dir='ltr'><strong>boni</strong></span> 
     </span>
     <span class='ocr_line' id='line_1_11' title="bbox 76 1441 1345 1523; baseline -0.003 -20"><span class='ocrx_word' id='word_1_99' title='bbox 76 1452 260 1523; x_wconf 92' lang='lat' dir='ltr'><strong>opportuna</strong></span> <span class='ocrx_word' id='word_1_100' title='bbox 282 1462 369 1503; x_wconf 93' lang='lat' dir='ltr'><strong>mors</strong></span> <span class='ocrx_word' id='word_1_101' title='bbox 393 1441 525 1517; x_wconf 86' lang='lat' dir='ltr'><strong>habeat,</strong></span> <span class='ocrx_word' id='word_1_102' title='bbox 562 1462 657 1522; x_wconf 92' lang='lat' dir='ltr'><strong>quam</strong></span> <span class='ocrx_word' id='word_1_103' title='bbox 681 1441 786 1504; x_wconf 92' lang='lat' dir='ltr'><strong>multis</strong></span> <span class='ocrx_word' id='word_1_104' title='bbox 810 1442 922 1503; x_wconf 91' lang='lat' dir='ltr'><strong>diutius</strong></span> <span class='ocrx_word' id='word_1_105' title='bbox 945 1442 1062 1503; x_wconf 87' lang='lat' dir='ltr'><strong>uixisse</strong></span> <span class='ocrx_word' id='word_1_106' title='bbox 1085 1443 1234 1503; x_wconf 84' lang='lat' dir='ltr'><strong>nocuerit.</strong></span> <span class='ocrx_word' id='word_1_107' title='bbox 1280 1442 1306 1503; x_wconf 93' lang='lat' dir='ltr'><strong>si</strong></span> <span class='ocrx_word' id='word_1_108' title='bbox 1321 1459 1345 1498; x_wconf 91' lang='lat'><strong>10</strong></span> 
     </span>
     <span class='ocr_line' id='line_1_12' title="bbox 77 1547 1305 1630; baseline -0.002 -20"><span class='ocrx_word' id='word_1_109' title='bbox 77 1547 132 1610; x_wconf 85' lang='lat' dir='ltr'><strong>Cn.</strong></span> <span class='ocrx_word' id='word_1_110' title='bbox 166 1549 371 1630; x_wconf 86' lang='lat' dir='ltr'><strong>Pompeium,</strong></span> <span class='ocrx_word' id='word_1_111' title='bbox 411 1550 508 1610; x_wconf 90' lang='lat' dir='ltr'><strong>decus</strong></span> <span class='ocrx_word' id='word_1_112' title='bbox 545 1550 629 1611; x_wconf 91' lang='lat' dir='ltr'><strong>istud</strong></span> <span class='ocrx_word' id='word_1_113' title='bbox 667 1549 965 1629; x_wconf 86' lang='lat' dir='ltr'><strong>firmamentumque</strong></span> <span class='ocrx_word' id='word_1_114' title='bbox 997 1549 1131 1629; x_wconf 90' lang='lat' dir='ltr'><strong>imperii,</strong></span> <span class='ocrx_word' id='word_1_115' title='bbox 1171 1547 1305 1629; x_wconf 89' lang='lat' dir='ltr'><strong>Neapoli</strong></span> 
     </span>
     <span class='ocr_line' id='line_1_13' title="bbox 77 1654 1302 1737; baseline -0.001 -21"><span class='ocrx_word' id='word_1_116' title='bbox 77 1655 228 1717; x_wconf 90' lang='lat' dir='ltr'><strong>ualetudo</strong></span> <span class='ocrx_word' id='word_1_117' title='bbox 245 1654 433 1730; x_wconf 91' lang='lat' dir='ltr'><strong>abstulisset,</strong></span> <span class='ocrx_word' id='word_1_118' title='bbox 457 1656 651 1718; x_wconf 92' lang='lat' dir='ltr'><strong>indubitatus</strong></span> <span class='ocrx_word' id='word_1_119' title='bbox 666 1655 774 1737; x_wconf 93' lang='lat' dir='ltr'><strong>populi</strong></span> <span class='ocrx_word' id='word_1_120' title='bbox 789 1655 927 1716; x_wconf 92' lang='lat' dir='ltr'><strong>Romani</strong></span> <span class='ocrx_word' id='word_1_121' title='bbox 942 1656 1087 1736; x_wconf 89' lang='lat' dir='ltr'><strong>princeps</strong></span> <span class='ocrx_word' id='word_1_122' title='bbox 1102 1663 1302 1716; x_wconf 86' lang='lat' dir='ltr'><strong>excesserat:</strong></span> 
     </span>
     <span class='ocr_line' id='line_1_14' title="bbox 79 1760 1305 1843; baseline -0.002 -20"><span class='ocrx_word' id='word_1_123' title='bbox 79 1771 109 1824; x_wconf 89' lang='lat' dir='ltr'><strong>at</strong></span> <span class='ocrx_word' id='word_1_124' title='bbox 131 1781 216 1823; x_wconf 87' lang='lat' dir='ltr'><strong>nunc</strong></span> <span class='ocrx_word' id='word_1_125' title='bbox 238 1762 347 1842; x_wconf 84' lang='lat' dir='ltr'><strong>exigui</strong></span> <span class='ocrx_word' id='word_1_126' title='bbox 369 1763 522 1843; x_wconf 90' lang='lat' dir='ltr'><strong>temporis</strong></span> <span class='ocrx_word' id='word_1_127' title='bbox 544 1763 679 1824; x_wconf 89' lang='lat' dir='ltr'><strong>adiectio</strong></span> <span class='ocrx_word' id='word_1_128' title='bbox 703 1761 827 1842; x_wconf 88' lang='lat' dir='ltr'><strong>fastigio</strong></span> <span class='ocrx_word' id='word_1_129' title='bbox 851 1760 936 1823; x_wconf 91' lang='lat' dir='ltr'><strong>illum</strong></span> <span class='ocrx_word' id='word_1_130' title='bbox 965 1781 1022 1822; x_wconf 90' lang='lat' dir='ltr'><strong>suo</strong></span> <span class='ocrx_word' id='word_1_131' title='bbox 1055 1760 1182 1842; x_wconf 89' lang='lat' dir='ltr'><strong>depulit.</strong></span> <span class='ocrx_word' id='word_1_132' title='bbox 1227 1760 1305 1821; x_wconf 90' lang='lat' dir='ltr'><strong>uidit</strong></span> 
     </span>
     <span class='ocr_line' id='line_1_15' title="bbox 79 1867 1320 1950; baseline -0.001 -22"><span class='ocrx_word' id='word_1_133' title='bbox 79 1868 219 1949; x_wconf 88' lang='lat' dir='ltr'><strong>legiones</strong></span> <span class='ocrx_word' id='word_1_134' title='bbox 242 1869 273 1930; x_wconf 92' lang='lat' dir='ltr'><strong>in</strong></span> <span class='ocrx_word' id='word_1_135' title='bbox 297 1877 469 1950; x_wconf 91' lang='lat' dir='ltr'><strong>conspectu</strong></span> <span class='ocrx_word' id='word_1_136' title='bbox 493 1889 551 1930; x_wconf 92' lang='lat' dir='ltr'><strong>suo</strong></span> <span class='ocrx_word' id='word_1_137' title='bbox 575 1889 690 1930; x_wconf 82' lang='lat' dir='ltr'><strong>caesas</strong></span> <span class='ocrx_word' id='word_1_138' title='bbox 730 1877 763 1930; x_wconf 92' lang='lat' dir='ltr'><strong>et</strong></span> <span class='ocrx_word' id='word_1_139' title='bbox 786 1889 827 1929; x_wconf 88' lang='lat' dir='ltr'><strong>ex</strong></span> <span class='ocrx_word' id='word_1_140' title='bbox 850 1867 903 1929; x_wconf 93' lang='lat' dir='ltr'><strong>illo</strong></span> <span class='ocrx_word' id='word_1_141' title='bbox 925 1868 1055 1949; x_wconf 91' lang='lat' dir='ltr'><strong>proelio,</strong></span> <span class='ocrx_word' id='word_1_142' title='bbox 1078 1869 1108 1928; x_wconf 90' lang='lat' dir='ltr'><strong>in</strong></span> <span class='ocrx_word' id='word_1_143' title='bbox 1124 1887 1188 1949; x_wconf 91' lang='lat' dir='ltr'><strong>quo</strong></span> <span class='ocrx_word' id='word_1_144' title='bbox 1204 1868 1320 1947; x_wconf 86' lang='lat' dir='ltr'><strong>prima</strong></span> 
     </span>
     <span class='ocr_line' id='line_1_16' title="bbox 82 1974 1345 2056; baseline -0.003 -21"><span class='ocrx_word' id='word_1_145' title='bbox 82 1976 158 2037; x_wconf 88' lang='lat' dir='ltr'><strong>acies</strong></span> <span class='ocrx_word' id='word_1_146' title='bbox 181 1984 310 2036; x_wconf 89' lang='lat' dir='ltr'><strong>senatus</strong></span> <span class='ocrx_word' id='word_1_147' title='bbox 333 1974 398 2050; x_wconf 91' lang='lat' dir='ltr'><strong>fuit,</strong></span> <span class='ocrx_word' id='word_1_148' title='bbox 421 1996 516 2056; x_wconf 91' lang='lat' dir='ltr'><strong>quam</strong></span> <span class='ocrx_word' id='word_1_149' title='bbox 540 1974 675 2037; x_wconf 80' lang='lat' dir='ltr'><strong>infelices</strong></span> <span class='ocrx_word' id='word_1_150' title='bbox 700 1974 845 2055; x_wconf 85' lang='lat' dir='ltr'><strong>reliquiae</strong></span> <span class='ocrx_word' id='word_1_151' title='bbox 860 1987 940 2049; x_wconf 89' lang='lat' dir='ltr'><strong>sunt,</strong></span> <span class='ocrx_word' id='word_1_152' title='bbox 962 1976 1065 2056; x_wconf 92' lang='lat' dir='ltr'><strong>ipsum</strong></span> <span class='ocrx_word' id='word_1_153' title='bbox 1081 1975 1304 2054; x_wconf 87' lang='lat' dir='ltr'><strong>imperatorem</strong></span> <span class='ocrx_word' id='word_1_154' title='bbox 1321 1991 1345 2030; x_wconf 81' lang='lat' dir='ltr'><strong>n</strong></span> 
     </span>
     <span class='ocr_line' id='line_1_17' title="bbox 83 2080 1303 2164; baseline 0 -22"><span class='ocrx_word' id='word_1_155' title='bbox 83 2080 274 2164; x_wconf 80' lang='lat' dir='ltr'><strong>superfuisse.</strong></span> <span class='ocrx_word' id='word_1_156' title='bbox 308 2082 385 2143; x_wconf 91' lang='lat' dir='ltr'><strong>uidit</strong></span> <span class='ocrx_word' id='word_1_157' title='bbox 400 2081 599 2162; x_wconf 87' lang='lat' dir='ltr'><strong>Aegyptium</strong></span> <span class='ocrx_word' id='word_1_158' title='bbox 624 2082 799 2143; x_wconf 88' lang='lat' dir='ltr'><strong>carnificem</strong></span> <span class='ocrx_word' id='word_1_159' title='bbox 824 2092 856 2143; x_wconf 88' lang='lat' dir='ltr'><strong>et</strong></span> <span class='ocrx_word' id='word_1_160' title='bbox 879 2089 1116 2144; x_wconf 91' lang='lat' dir='ltr'><strong>sacrosanctum</strong></span> <span class='ocrx_word' id='word_1_161' title='bbox 1132 2081 1303 2142; x_wconf 89' lang='lat' dir='ltr'><strong>uictoribus</strong></span> 
     </span>
     <span class='ocr_line' id='line_1_18' title="bbox 85 2187 1305 2270; baseline 0 -21"><span class='ocrx_word' id='word_1_162' title='bbox 85 2209 191 2268; x_wconf 87' lang='lat' dir='ltr'><strong>corpus</strong></span> <span class='ocrx_word' id='word_1_163' title='bbox 223 2187 347 2250; x_wconf 91' lang='lat' dir='ltr'><strong>satelliti</strong></span> <span class='ocrx_word' id='word_1_164' title='bbox 377 2189 547 2268; x_wconf 90' lang='lat' dir='ltr'><strong>praestitit,</strong></span> <span class='ocrx_word' id='word_1_165' title='bbox 582 2190 703 2251; x_wconf 89' lang='lat' dir='ltr'><strong>etiamsi</strong></span> <span class='ocrx_word' id='word_1_166' title='bbox 733 2188 897 2250; x_wconf 91' lang='lat' dir='ltr'><strong>incolumis</strong></span> <span class='ocrx_word' id='word_1_167' title='bbox 928 2188 1051 2262; x_wconf 87' lang='lat' dir='ltr'><strong>fuisset,</strong></span> <span class='ocrx_word' id='word_1_168' title='bbox 1082 2188 1305 2270; x_wconf 89' lang='lat' dir='ltr'><strong>paenitentiam</strong></span> 
     </span>
     <span class='ocr_line' id='line_1_19' title="bbox 85 2284 1306 2377; baseline 0 -22"><span class='ocrx_word' id='word_1_169' title='bbox 85 2293 183 2357; x_wconf 90' lang='lat' dir='ltr'><strong>salutis</strong></span> <span class='ocrx_word' id='word_1_170' title='bbox 215 2303 348 2356; x_wconf 80' lang='lat' dir='ltr'><strong>acturus.</strong></span> <span class='ocrx_word' id='word_1_171' title='bbox 394 2295 469 2375; x_wconf 93' lang='lat' dir='ltr'><strong>quid</strong></span> <span class='ocrx_word' id='word_1_172' title='bbox 499 2296 582 2357; x_wconf 92' lang='lat' dir='ltr'><strong>enim</strong></span> <span class='ocrx_word' id='word_1_173' title='bbox 611 2304 678 2356; x_wconf 89' lang='lat' dir='ltr'><strong>erat</strong></span> <span class='ocrx_word' id='word_1_174' title='bbox 708 2297 828 2376; x_wconf 89' lang='lat' dir='ltr'><strong>turpius</strong></span> <span class='ocrx_word' id='word_1_175' title='bbox 859 2316 954 2377; x_wconf 92' lang='lat' dir='ltr'><strong>quam</strong></span> <span class='ocrx_word' id='word_1_176' title='bbox 983 2284 1171 2375; x_wconf 91' lang='lat' dir='ltr'><strong>Pompeium</strong></span> <span class='ocrx_word' id='word_1_177' title='bbox 1201 2295 1306 2356; x_wconf 90' lang='lat' dir='ltr'><strong>uiuere</strong></span> 
     </span>
     <span class='ocr_line' id='line_1_20' title="bbox 63 2391 1432 2490; baseline -0.002 -29"><span class='ocrx_word' id='word_1_178' title='bbox 63 2401 232 2463; x_wconf 75' lang='lat' dir='ltr'><strong>lbeneficio</strong></span> <span class='ocrx_word' id='word_1_179' title='bbox 264 2401 366 2480; x_wconf 84' lang='lat' dir='ltr'><strong>regis?</strong></span> <span class='ocrx_word' id='word_1_180' title='bbox 414 2401 456 2462; x_wconf 85' lang='lat' dir='ltr'><strong>M.</strong></span> <span class='ocrx_word' id='word_1_181' title='bbox 481 2400 591 2463; x_wconf 89' lang='lat' dir='ltr'><strong>Cicero</strong></span> <span class='ocrx_word' id='word_1_182' title='bbox 623 2402 647 2463; x_wconf 92' lang='lat' dir='ltr'><strong>si</strong></span> <span class='ocrx_word' id='word_1_183' title='bbox 679 2401 731 2463; x_wconf 94' lang='lat' dir='ltr'><strong>illo</strong></span> <span class='ocrx_word' id='word_1_184' title='bbox 761 2411 923 2483; x_wconf 85' lang='lat' dir='ltr'><strong>tempore,</strong></span> <span class='ocrx_word' id='word_1_185' title='bbox 954 2423 1019 2483; x_wconf 92' lang='lat' dir='ltr'><strong>quo</strong></span> <span class='ocrx_word' id='word_1_186' title='bbox 1049 2400 1199 2463; x_wconf 89' lang='lat' dir='ltr'><strong>Catilinae</strong></span> <span class='ocrx_word' id='word_1_187' title='bbox 1226 2402 1306 2490; x_wconf 84' lang='lat' dir='ltr'><strong>sicas</strong></span> <span class='ocrx_word' id='word_1_188' title='bbox 1335 2391 1341 2399; x_wconf 78' lang='grc'><strong><em>’</em></strong></span> <span class='ocrx_word' id='word_1_189' title='bbox 1427 2442 1432 2457; x_wconf 88' lang='grc'><strong>.</strong></span> 
     </span>
     <span class='ocr_line' id='line_1_21' title="bbox 88 2503 1377 2589; baseline -0.002 -21"><span class='ocrx_word' id='word_1_190' title='bbox 88 2508 238 2582; x_wconf 89' lang='lat' dir='ltr'><strong>deuitauit,</strong></span> <span class='ocrx_word' id='word_1_191' title='bbox 262 2506 375 2588; x_wconf 93' lang='lat' dir='ltr'><strong>quibus</strong></span> <span class='ocrx_word' id='word_1_192' title='bbox 398 2508 513 2588; x_wconf 90' lang='lat' dir='ltr'><strong>pariter</strong></span> <span class='ocrx_word' id='word_1_193' title='bbox 534 2528 606 2570; x_wconf 89' lang='lat' dir='ltr'><strong>cum</strong></span> <span class='ocrx_word' id='word_1_194' title='bbox 622 2510 722 2589; x_wconf 90' lang='lat' dir='ltr'><strong>patria</strong></span> <span class='ocrx_word' id='word_1_195' title='bbox 737 2503 854 2588; x_wconf 83' lang='lat' dir='ltr'><strong>petitus</strong></span> <span class='ocrx_word' id='word_1_196' title='bbox 871 2518 927 2583; x_wconf 92' lang='lat' dir='ltr'><strong>est,</strong></span> <span class='ocrx_word' id='word_1_197' title='bbox 952 2510 1149 2582; x_wconf 87' lang='lat' dir='ltr'><strong>concidisset,</strong></span> <span class='ocrx_word' id='word_1_198' title='bbox 1173 2507 1305 2568; x_wconf 89' lang='lat' dir='ltr'><strong>liberata</strong></span> <span class='ocrx_word' id='word_1_199' title='bbox 1319 2524 1345 2564; x_wconf 77' lang='lat' dir='ltr'><strong>au</strong></span> <span class='ocrx_word' id='word_1_200' title='bbox 1374 2571 1377 2576; x_wconf 10' lang='lat' dir='ltr'>k</span> 
     </span>
     <span class='ocr_line' id='line_1_22' title="bbox 88 2613 1304 2694; baseline 0 -20"><span class='ocrx_word' id='word_1_201' title='bbox 88 2613 238 2694; x_wconf 88' lang='lat' dir='ltr'><strong>republica</strong></span> <span class='ocrx_word' id='word_1_202' title='bbox 261 2623 404 2674; x_wconf 91' lang='lat' dir='ltr'><strong>seruator</strong></span> <span class='ocrx_word' id='word_1_203' title='bbox 427 2615 507 2690; x_wconf 91' lang='lat' dir='ltr'><strong>eius,</strong></span> <span class='ocrx_word' id='word_1_204' title='bbox 539 2615 564 2675; x_wconf 90' lang='lat' dir='ltr'><strong>si</strong></span> <span class='ocrx_word' id='word_1_205' title='bbox 587 2616 723 2694; x_wconf 91' lang='lat' dir='ltr'><strong>denique</strong></span> <span class='ocrx_word' id='word_1_206' title='bbox 746 2615 827 2676; x_wconf 87' lang='lat' dir='ltr'><strong>filiae</strong></span> <span class='ocrx_word' id='word_1_207' title='bbox 850 2625 925 2677; x_wconf 78' lang='lat' dir='ltr'><strong>suae</strong></span> <span class='ocrx_word' id='word_1_208' title='bbox 948 2614 1038 2676; x_wconf 90' lang='lat' dir='ltr'><strong>funus</strong></span> <span class='ocrx_word' id='word_1_209' title='bbox 1062 2623 1187 2676; x_wconf 90' lang='lat' dir='ltr'><strong>secutus</strong></span> <span class='ocrx_word' id='word_1_210' title='bbox 1211 2622 1304 2688; x_wconf 86' lang='lat' dir='ltr'><strong>esset,</strong></span> 
     </span>
    </p>

    <p class='ocr_par' dir='ltr' id='par_1_5' title="bbox 54 2719 1345 3440">
     <span class='ocr_line' id='line_1_23' title="bbox 54 2719 1342 2801; baseline 0 -21"><span class='ocrx_word' id='word_1_211' title='bbox 54 2766 62 2789; x_wconf 82' lang='grc'><strong>.</strong></span> <span class='ocrx_word' id='word_1_212' title='bbox 90 2721 251 2782; x_wconf 86' lang='lat' dir='ltr'><strong>etiamtunc</strong></span> <span class='ocrx_word' id='word_1_213' title='bbox 280 2719 355 2781; x_wconf 84' lang='lat' dir='ltr'><strong>felix</strong></span> <span class='ocrx_word' id='word_1_214' title='bbox 379 2722 459 2782; x_wconf 91' lang='lat' dir='ltr'><strong>mori</strong></span> <span class='ocrx_word' id='word_1_215' title='bbox 481 2722 592 2801; x_wconf 89' lang='lat' dir='ltr'><strong>potuit.</strong></span> <span class='ocrx_word' id='word_1_216' title='bbox 639 2742 701 2782; x_wconf 91' lang='lat' dir='ltr'><strong>non</strong></span> <span class='ocrx_word' id='word_1_217' title='bbox 726 2723 855 2783; x_wconf 89' lang='lat' dir='ltr'><strong>uidisset</strong></span> <span class='ocrx_word' id='word_1_218' title='bbox 878 2723 1003 2783; x_wconf 89' lang='lat' dir='ltr'><strong>strictos</strong></span> <span class='ocrx_word' id='word_1_219' title='bbox 1026 2722 1056 2782; x_wconf 92' lang='lat' dir='ltr'><strong>in</strong></span> <span class='ocrx_word' id='word_1_220' title='bbox 1080 2720 1179 2781; x_wconf 88' lang='lat' dir='ltr'><strong>ciuilia</strong></span> <span class='ocrx_word' id='word_1_221' title='bbox 1201 2721 1305 2800; x_wconf 90' lang='lat' dir='ltr'><strong>capita</strong></span> <span class='ocrx_word' id='word_1_222' title='bbox 1338 2756 1342 2763; x_wconf 90' lang='lat'><em>·</em></span> 
     </span>
     <span class='ocr_line' id='line_1_24' title="bbox 91 2826 1305 2907; baseline 0.003 -23"><span class='ocrx_word' id='word_1_223' title='bbox 91 2844 247 2887; x_wconf 91' lang='lat' dir='ltr'><strong>mucrones</strong></span> <span class='ocrx_word' id='word_1_224' title='bbox 280 2847 338 2888; x_wconf 90' lang='lat' dir='ltr'><strong>nec</strong></span> <span class='ocrx_word' id='word_1_225' title='bbox 368 2827 466 2888; x_wconf 87' lang='lat' dir='ltr'><strong>diuisa</strong></span> <span class='ocrx_word' id='word_1_226' title='bbox 496 2826 732 2907; x_wconf 87' lang='lat' dir='ltr'><strong>percussoribus</strong></span> <span class='ocrx_word' id='word_1_227' title='bbox 756 2829 932 2888; x_wconf 87' lang='lat' dir='ltr'><strong>occisorum</strong></span> <span class='ocrx_word' id='word_1_228' title='bbox 955 2827 1056 2902; x_wconf 90' lang='lat' dir='ltr'><strong>bona,</strong></span> <span class='ocrx_word' id='word_1_229' title='bbox 1088 2835 1122 2887; x_wconf 94' lang='lat' dir='ltr'><strong>ut</strong></span> <span class='ocrx_word' id='word_1_230' title='bbox 1144 2828 1240 2888; x_wconf 90' lang='lat' dir='ltr'><strong>etiam</strong></span> <span class='ocrx_word' id='word_1_231' title='bbox 1263 2828 1305 2888; x_wconf 87' lang='lat' dir='ltr'><strong>de</strong></span> 
     </span>
     <span class='ocr_line' id='line_1_25' title="bbox 93 2926 1315 3015; baseline 0.002 -24"><span class='ocrx_word' id='word_1_232' title='bbox 93 2951 140 2991; x_wconf 90' lang='lat' dir='ltr'><strong>suo</strong></span> <span class='ocrx_word' id='word_1_233' title='bbox 160 2935 312 3013; x_wconf 84' lang='lat' dir='ltr'><strong>perirent,</strong></span> <span class='ocrx_word' id='word_1_234' title='bbox 337 2953 400 2994; x_wconf 90' lang='lat' dir='ltr'><strong>non</strong></span> <span class='ocrx_word' id='word_1_235' title='bbox 424 2926 547 2994; x_wconf 91' lang='lat' dir='ltr'><strong>hastam</strong></span> <span class='ocrx_word' id='word_1_236' title='bbox 572 2933 746 2995; x_wconf 87' lang='lat' dir='ltr'><strong>consularia</strong></span> <span class='ocrx_word' id='word_1_237' title='bbox 768 2934 869 3015; x_wconf 93' lang='lat' dir='ltr'><strong>spolia</strong></span> <span class='ocrx_word' id='word_1_238' title='bbox 892 2934 1083 2995; x_wconf 89' lang='lat' dir='ltr'><strong>uendentem</strong></span> <span class='ocrx_word' id='word_1_239' title='bbox 1106 2953 1166 2994; x_wconf 87' lang='lat' dir='ltr'><strong>nec</strong></span> <span class='ocrx_word' id='word_1_240' title='bbox 1189 2934 1315 2995; x_wconf 69' lang='lat' dir='ltr'><strong>caedes⁴</strong></span> 
     </span>
     <span class='ocr_line' id='line_1_26' title="bbox 70 3035 1345 3121; baseline -0.001 -25"><span class='ocrx_word' id='word_1_241' title='bbox 70 3035 197 3101; x_wconf 72' lang='lat' dir='ltr'><strong>ilocatas</strong></span> <span class='ocrx_word' id='word_1_242' title='bbox 212 3039 346 3120; x_wconf 92' lang='lat' dir='ltr'><strong>publice,</strong></span> <span class='ocrx_word' id='word_1_243' title='bbox 362 3039 530 3113; x_wconf 88' lang='lat' dir='ltr'><strong>latrocinia,</strong></span> <span class='ocrx_word' id='word_1_244' title='bbox 547 3039 638 3114; x_wconf 86' lang='lat' dir='ltr'><strong>bella,</strong></span> <span class='ocrx_word' id='word_1_245' title='bbox 655 3040 786 3121; x_wconf 75' lang='lat' dir='ltr'><strong>rapinas</strong></span> <span class='ocrx_word' id='word_1_246' title='bbox 799 3049 922 3101; x_wconf 87' lang='lat' dir='ltr'><strong>tantum</strong></span> <span class='ocrx_word' id='word_1_247' title='bbox 933 3037 1143 3101; x_wconf 87' lang='lat' dir='ltr'><strong>Catilinarum.</strong></span> <span class='ocrx_word' id='word_1_248' title='bbox 1160 3039 1303 3101; x_wconf 89' lang='lat' dir='ltr'><strong>Marcum</strong></span> <span class='ocrx_word' id='word_1_249' title='bbox 1319 3055 1345 3096; x_wconf 78' lang='lat' dir='ltr'><strong>n</strong></span> 
     </span>
     <span class='ocr_line' id='line_1_27' title="bbox 98 3139 1304 3228; baseline 0.002 -24"><span class='ocrx_word' id='word_1_250' title='bbox 98 3139 236 3208; x_wconf 85' lang='lat' dir='ltr'><strong>Catonem</strong></span> <span class='ocrx_word' id='word_1_251' title='bbox 259 3147 285 3208; x_wconf 89' lang='lat' dir='ltr'><strong>si</strong></span> <span class='ocrx_word' id='word_1_252' title='bbox 308 3145 452 3228; x_wconf 90' lang='lat' dir='ltr'><strong>aCypro</strong></span> <span class='ocrx_word' id='word_1_253' title='bbox 476 3155 508 3207; x_wconf 88' lang='lat' dir='ltr'><strong>et</strong></span> <span class='ocrx_word' id='word_1_254' title='bbox 531 3146 713 3208; x_wconf 89' lang='lat' dir='ltr'><strong>hereditatis</strong></span> <span class='ocrx_word' id='word_1_255' title='bbox 736 3148 841 3227; x_wconf 84' lang='lat' dir='ltr'><strong>regiae</strong></span> <span class='ocrx_word' id='word_1_256' title='bbox 865 3147 1098 3226; x_wconf 90' lang='lat' dir='ltr'><strong>dispensatione</strong></span> <span class='ocrx_word' id='word_1_257' title='bbox 1118 3147 1304 3208; x_wconf 90' lang='lat' dir='ltr'><strong>redeuntem</strong></span> 
     </span>
     <span class='ocr_line' id='line_1_28' title="bbox 99 3252 1306 3335; baseline 0.005 -27"><span class='ocrx_word' id='word_1_258' title='bbox 99 3268 168 3314; x_wconf 88' lang='lat' dir='ltr'><strong>mare</strong></span> <span class='ocrx_word' id='word_1_259' title='bbox 197 3255 382 3315; x_wconf 88' lang='lat' dir='ltr'><strong>deuorasset</strong></span> <span class='ocrx_word' id='word_1_260' title='bbox 410 3253 460 3315; x_wconf 92' lang='lat' dir='ltr'><strong>uel</strong></span> <span class='ocrx_word' id='word_1_261' title='bbox 483 3274 554 3315; x_wconf 92' lang='lat' dir='ltr'><strong>cum</strong></span> <span class='ocrx_word' id='word_1_262' title='bbox 577 3252 629 3314; x_wconf 92' lang='lat' dir='ltr'><strong>illa</strong></span> <span class='ocrx_word' id='word_1_263' title='bbox 650 3255 718 3334; x_wconf 92' lang='lat' dir='ltr'><strong>ipsa</strong></span> <span class='ocrx_word' id='word_1_264' title='bbox 739 3255 888 3335; x_wconf 89' lang='lat' dir='ltr'><strong>pecunia,</strong></span> <span class='ocrx_word' id='word_1_265' title='bbox 919 3273 1015 3333; x_wconf 91' lang='lat' dir='ltr'><strong>quam</strong></span> <span class='ocrx_word' id='word_1_266' title='bbox 1039 3252 1203 3315; x_wconf 87' lang='lat' dir='ltr'><strong>adferebat</strong></span> <span class='ocrx_word' id='word_1_267' title='bbox 1226 3252 1306 3315; x_wconf 90' lang='lat' dir='ltr'><strong>ciuili</strong></span> 
     </span>
     <span class='ocr_line' id='line_1_29' title="bbox 97 3350 1305 3440; baseline 0.007 -27"><span class='ocrx_word' id='word_1_268' title='bbox 97 3350 165 3419; x_wconf 89' lang='lat' dir='ltr'><strong>bello</strong></span> <span class='ocrx_word' id='word_1_269' title='bbox 193 3360 399 3440; x_wconf 88' lang='lat' dir='ltr'><strong>stipendium,</strong></span> <span class='ocrx_word' id='word_1_270' title='bbox 430 3381 534 3421; x_wconf 91' lang='lat' dir='ltr'><strong>nonne</strong></span> <span class='ocrx_word' id='word_1_271' title='bbox 557 3359 598 3420; x_wconf 91' lang='lat' dir='ltr'><strong>illi</strong></span> <span class='ocrx_word' id='word_1_272' title='bbox 622 3359 705 3422; x_wconf 87' lang='lat' dir='ltr'><strong>bene</strong></span> <span class='ocrx_word' id='word_1_273' title='bbox 727 3370 833 3422; x_wconf 90' lang='lat' dir='ltr'><strong>actum</strong></span> <span class='ocrx_word' id='word_1_274' title='bbox 857 3359 957 3421; x_wconf 87' lang='lat' dir='ltr'><strong>foret?</strong></span> <span class='ocrx_word' id='word_1_275' title='bbox 1004 3359 1067 3422; x_wconf 90' lang='lat' dir='ltr'><strong>hoc</strong></span> <span class='ocrx_word' id='word_1_276' title='bbox 1090 3368 1175 3422; x_wconf 90' lang='lat' dir='ltr'><strong>certe</strong></span> <span class='ocrx_word' id='word_1_277' title='bbox 1198 3380 1305 3422; x_wconf 91' lang='lat' dir='ltr'><strong>secum</strong></span> 
     </span>
    </p>
   </div>
   <div class='ocr_carea' id='block_1_3' title="bbox 96 3525 293 3545">
    <p class='ocr_par' dir='ltr' id='par_1_6' title="bbox 96 3525 293 3545">
     <span class='ocr_line' id='line_1_30' title="bbox 96 3525 293 3545; baseline 0 0"><span class='ocrx_word' id='word_1_278' title='bbox 96 3525 293 3545; x_wconf 26' lang='lat' dir='ltr'><strong>u..</strong></span> 
     </span>
    </p>
   </div>
   <div class='ocr_carea' id='block_1_4' title="bbox 78 3640 1305 4506">
    <p class='ocr_par' dir='ltr' id='par_1_7' title="bbox 78 3640 1305 4506">
     <span class='ocr_line' id='line_1_31' title="bbox 173 3640 1305 3708; baseline -0.003 -14"><span class='ocrx_word' id='word_1_279' title='bbox 173 3643 327 3708; x_wconf 78' lang='lat' dir='ltr'><strong>lappellem</strong></span> <span class='ocrx_word' id='word_1_280' title='bbox 416 3644 470 3692; x_wconf 92' lang='lat' dir='ltr'><strong>istic</strong></span> <span class='ocrx_word' id='word_1_281' title='bbox 490 3640 655 3695; x_wconf 78' lang='lat' dir='ltr'><strong>deteriores:</strong></span> <span class='ocrx_word' id='word_1_282' title='bbox 676 3644 715 3693; x_wconf 91' lang='lat' dir='ltr'><strong>isti</strong></span> <span class='ocrx_word' id='word_1_283' title='bbox 800 3643 865 3696; x_wconf 71' lang='lat' dir='ltr'><strong>Qne</strong></span> <span class='ocrx_word' id='word_1_284' title='bbox 886 3641 983 3696; x_wconf 76' lang='lat' dir='ltr'><strong>Gertz:</strong></span> <span class='ocrx_word' id='word_1_285' title='bbox 1004 3660 1054 3693; x_wconf 92' lang='lat' dir='ltr'><strong>non</strong></span> <span class='ocrx_word' id='word_1_286' title='bbox 1139 3643 1305 3696; x_wconf 87' lang='lat' dir='ltr'><strong>3conuersos</strong></span> 
     </span>
     <span class='ocr_line' id='line_1_32' title="bbox 87 3716 1304 3798; baseline 0.002 -18"><span class='ocrx_word' id='word_1_287' title='bbox 87 3716 102 3780; x_wconf 81' lang='lat'><strong>(⁵</strong></span> <span class='ocrx_word' id='word_1_288' title='bbox 117 3725 169 3783; x_wconf 78' lang='lat' dir='ltr'><strong>ulf.</strong></span> <span class='ocrx_word' id='word_1_289' title='bbox 188 3729 251 3798; x_wconf 65' lang='lat' dir='ltr'><strong>dei)</strong></span> <span class='ocrx_word' id='word_1_290' title='bbox 344 3733 369 3780; x_wconf 93' lang='lat' dir='ltr'><strong>in</strong></span> <span class='ocrx_word' id='word_1_291' title='bbox 389 3739 477 3781; x_wconf 88' lang='lat' dir='ltr'><strong>terram</strong></span> <span class='ocrx_word' id='word_1_292' title='bbox 499 3729 664 3785; x_wconf 75' lang='lat' dir='ltr'><strong>deteriores:</strong></span> <span class='ocrx_word' id='word_1_293' title='bbox 686 3733 793 3782; x_wconf 88' lang='lat' dir='ltr'><strong>interra</strong></span> <span class='ocrx_word' id='word_1_294' title='bbox 895 3732 911 3783; x_wconf 80' lang='lat'>5</span> <span class='ocrx_word' id='word_1_295' title='bbox 937 3732 1038 3797; x_wconf 86' lang='lat' dir='ltr'><strong>singulis</strong></span> <span class='ocrx_word' id='word_1_296' title='bbox 1057 3738 1080 3781; x_wconf 90' lang='lat' dir='ltr'><strong>et</strong></span> <span class='ocrx_word' id='word_1_297' title='bbox 1100 3732 1207 3781; x_wconf 90' lang='lat' dir='ltr'><strong>articulis</strong></span> <span class='ocrx_word' id='word_1_298' title='bbox 1233 3730 1304 3783; x_wconf 80' lang='lat' dir='ltr'><strong>dete-</strong></span> 
     </span>
     <span class='ocr_line' id='line_1_33' title="bbox 82 3806 1305 3890; baseline -0.002 -21"><span class='ocrx_word' id='word_1_299' title='bbox 82 3806 183 3870; x_wconf 53' lang='lat' dir='ltr'><strong>mres:</strong></span> <span class='ocrx_word' id='word_1_300' title='bbox 215 3822 315 3885; x_wconf 85' lang='lat' dir='ltr'><strong>singulis</strong></span> <span class='ocrx_word' id='word_1_301' title='bbox 335 3821 442 3870; x_wconf 88' lang='lat' dir='ltr'><strong>articulis</strong></span> <span class='ocrx_word' id='word_1_302' title='bbox 555 3827 688 3871; x_wconf 87' lang='lat' dir='ltr'><strong>nocuerunt</strong></span> <span class='ocrx_word' id='word_1_303' title='bbox 714 3819 844 3890; x_wconf 71' lang='lat' dir='ltr'><strong>Maduiq:</strong></span> <span class='ocrx_word' id='word_1_304' title='bbox 872 3823 1006 3871; x_wconf 87' lang='lat' dir='ltr'><strong>docuerunt</strong></span> <span class='ocrx_word' id='word_1_305' title='bbox 1123 3820 1138 3872; x_wconf 85' lang='grc'><strong>6</strong></span> <span class='ocrx_word' id='word_1_306' title='bbox 1164 3821 1207 3870; x_wconf 89' lang='lat' dir='ltr'><strong>sed</strong></span> <span class='ocrx_word' id='word_1_307' title='bbox 1232 3820 1305 3868; x_wconf 88' lang='lat' dir='ltr'><strong>uideo</strong></span> 
     </span>
     <span class='ocr_line' id='line_1_34' title="bbox 80 3888 1302 3977; baseline -0.003 -18"><span class='ocrx_word' id='word_1_308' title='bbox 80 3888 219 3962; x_wconf 69' lang='lat' dir='ltr'><strong>Muretus:</strong></span> <span class='ocrx_word' id='word_1_309' title='bbox 240 3917 264 3959; x_wconf 88' lang='lat' dir='ltr'><strong>et</strong></span> <span class='ocrx_word' id='word_1_310' title='bbox 283 3911 355 3960; x_wconf 84' lang='lat' dir='ltr'><strong>uideo</strong></span> <span class='ocrx_word' id='word_1_311' title='bbox 464 3909 479 3962; x_wconf 80' lang='lat' dir='ltr'><strong>i</strong></span> <span class='ocrx_word' id='word_1_312' title='bbox 505 3911 560 3958; x_wconf 79' lang='lat' dir='ltr'><strong>istic</strong></span> <span class='ocrx_word' id='word_1_313' title='bbox 576 3908 701 3977; x_wconf 78' lang='lat' dir='ltr'><strong>sortasse</strong></span> <span class='ocrx_word' id='word_1_314' title='bbox 720 3908 863 3963; x_wconf 81' lang='lat' dir='ltr'><strong>delendum</strong></span> <span class='ocrx_word' id='word_1_315' title='bbox 965 3909 982 3964; x_wconf 89' lang='lat'>8</span> <span class='ocrx_word' id='word_1_316' title='bbox 1008 3911 1112 3960; x_wconf 88' lang='lat' dir='ltr'><strong>dominii</strong></span> <span class='ocrx_word' id='word_1_317' title='bbox 1133 3907 1302 3963; x_wconf 80' lang='lat' dir='ltr'><strong>Gronouius:</strong></span> 
     </span>
     <span class='ocr_line' id='line_1_35' title="bbox 79 3980 1196 4064; baseline 0.004 -20"><span class='ocrx_word' id='word_1_318' title='bbox 79 3980 186 4048; x_wconf 75' lang='lat' dir='ltr'><strong>d⁰¹11iul1</strong></span> <span class='ocrx_word' id='word_1_319' title='bbox 299 3999 331 4050; x_wconf 85' lang='grc'><strong>11</strong></span> <span class='ocrx_word' id='word_1_320' title='bbox 352 3999 448 4047; x_wconf 90' lang='lat' dir='ltr'><strong>Gneum</strong></span> <span class='ocrx_word' id='word_1_321' title='bbox 563 4001 772 4064; x_wconf 83' lang='lat' dir='ltr'><strong>firmamentumq;</strong></span> <span class='ocrx_word' id='word_1_322' title='bbox 793 4001 889 4064; x_wconf 87' lang='lat' dir='ltr'><strong>imperii</strong></span> <span class='ocrx_word' id='word_1_323' title='bbox 909 3999 945 4064; x_wconf 92' lang='lat' dir='ltr'><strong>(q;</strong></span> <span class='ocrx_word' id='word_1_324' title='bbox 961 4001 1063 4064; x_wconf 83' lang='lat' dir='ltr'><strong>&#39;imperii</strong></span> <span class='ocrx_word' id='word_1_325' title='bbox 1081 3999 1110 4052; x_wconf 80' lang='lat' dir='ltr'><strong>in</strong></span> <span class='ocrx_word' id='word_1_326' title='bbox 1128 3997 1196 4062; x_wconf 78' lang='lat' dir='ltr'><strong>ras.)</strong></span> 
     </span>
     <span class='ocr_line' id='line_1_36' title="bbox 78 4067 1304 4154; baseline 0.001 -18"><span class='ocrx_word' id='word_1_327' title='bbox 78 4067 104 4120; x_wconf 57' lang='lat'><strong>12</strong></span> <span class='ocrx_word' id='word_1_328' title='bbox 126 4086 271 4136; x_wconf 49' lang='lat' dir='ltr'><strong>ualitudo*</strong></span> <span class='ocrx_word' id='word_1_329' title='bbox 333 4089 422 4136; x_wconf 88' lang='lat' dir='ltr'><strong>·P·R·</strong></span> <span class='ocrx_word' id='word_1_330' title='bbox 534 4087 565 4138; x_wconf 73' lang='lat' dir='ltr'><strong>ff)</strong></span> <span class='ocrx_word' id='word_1_331' title='bbox 585 4105 659 4152; x_wconf 89' lang='lat' dir='ltr'><strong>quam</strong></span> <span class='ocrx_word' id='word_1_332' title='bbox 678 4088 786 4138; x_wconf 88' lang='lat' dir='ltr'><strong>infelices</strong></span> <span class='ocrx_word' id='word_1_333' title='bbox 804 4086 862 4140; x_wconf 65' lang='lat' dir='ltr'><strong>El:</strong></span> <span class='ocrx_word' id='word_1_334' title='bbox 882 4105 929 4154; x_wconf 69' lang='lat' dir='ltr'><strong>que</strong></span> <span class='ocrx_word' id='word_1_335' title='bbox 948 4089 1051 4138; x_wconf 87' lang='lat' dir='ltr'><strong>infelicis</strong></span> <span class='ocrx_word' id='word_1_336' title='bbox 1155 4085 1187 4137; x_wconf 76' lang='grc'><strong>’17</strong></span> <span class='ocrx_word' id='word_1_337' title='bbox 1206 4082 1304 4132; x_wconf 68' lang='lat' dir='ltr'><strong>satelliti</strong></span> 
     </span>
     <span class='ocr_line' id='line_1_37' title="bbox 78 4152 1303 4244; baseline 0.002 -21"><span class='ocrx_word' id='word_1_338' title='bbox 78 4152 134 4215; x_wconf 54' lang='lat'><strong>3¹³</strong></span> <span class='ocrx_word' id='word_1_339' title='bbox 163 4176 261 4224; x_wconf 87' lang='lat' dir='ltr'><strong>satietati</strong></span> <span class='ocrx_word' id='word_1_340' title='bbox 357 4178 515 4240; x_wconf 88' lang='lat' dir='ltr'><strong>penitentiam</strong></span> <span class='ocrx_word' id='word_1_341' title='bbox 616 4178 647 4230; x_wconf 83' lang='grc'><strong>19</strong></span> <span class='ocrx_word' id='word_1_342' title='bbox 667 4179 731 4242; x_wconf 84' lang='lat' dir='ltr'><strong>regis</strong></span> <span class='ocrx_word' id='word_1_343' title='bbox 750 4177 802 4229; x_wconf 74' lang='lat' dir='ltr'><strong>uix</strong></span> <span class='ocrx_word' id='word_1_344' title='bbox 819 4192 929 4235; x_wconf 76' lang='lat' dir='ltr'><strong>uertcm;</strong></span> <span class='ocrx_word' id='word_1_345' title='bbox 951 4177 1059 4241; x_wconf 84' lang='lat' dir='ltr'><strong>gregalis</strong></span> <span class='ocrx_word' id='word_1_346' title='bbox 1078 4173 1201 4244; x_wconf 75' lang='lat' dir='ltr'><strong>lipsius,</strong></span> <span class='ocrx_word' id='word_1_347' title='bbox 1220 4172 1303 4235; x_wconf 77' lang='lat' dir='ltr'><strong>rugosi</strong></span> 
     </span>
     <span class='ocr_line' id='line_1_38' title="bbox 80 4241 1303 4329; baseline -0.006 -13"><span class='ocrx_word' id='word_1_348' title='bbox 80 4241 162 4311; x_wconf 62' lang='lat' dir='ltr'><strong>K⁰⁶Jl</strong></span> <span class='ocrx_word' id='word_1_349' title='bbox 239 4264 271 4316; x_wconf 79' lang='lat'><strong>21</strong></span> <span class='ocrx_word' id='word_1_350' title='bbox 291 4268 370 4313; x_wconf 86' lang='lat' dir='ltr'><strong>re·P·</strong></span> <span class='ocrx_word' id='word_1_351' title='bbox 454 4272 563 4315; x_wconf 88' lang='lat' dir='ltr'><strong>seruator</strong></span> <span class='ocrx_word' id='word_1_352' title='bbox 582 4269 632 4315; x_wconf 92' lang='lat' dir='ltr'><strong>eius</strong></span> <span class='ocrx_word' id='word_1_353' title='bbox 651 4263 778 4318; x_wconf 79' lang='lat' dir='ltr'><strong>Fickert:</strong></span> <span class='ocrx_word' id='word_1_354' title='bbox 799 4262 931 4329; x_wconf 54' lang='lat' dir='ltr'><strong>seruate}</strong></span> <span class='ocrx_word' id='word_1_355' title='bbox 1020 4265 1069 4313; x_wconf 89' lang='lat' dir='ltr'><strong>filie</strong></span> <span class='ocrx_word' id='word_1_356' title='bbox 1153 4260 1187 4315; x_wconf 76' lang='lat'><strong>24</strong></span> <span class='ocrx_word' id='word_1_357' title='bbox 1206 4261 1303 4309; x_wconf 88' lang='lat' dir='ltr'><strong>hastam</strong></span> 
     </span>
     <span class='ocr_line' id='line_1_39' title="bbox 84 4331 1302 4422; baseline 0.002 -22"><span class='ocrx_word' id='word_1_358' title='bbox 84 4331 245 4404; x_wconf 65' lang='lat' dir='ltr'><strong>deteriores:</strong></span> <span class='ocrx_word' id='word_1_359' title='bbox 266 4354 337 4402; x_wconf 88' lang='lat' dir='ltr'><strong>hasta</strong></span> <span class='ocrx_word' id='word_1_360' title='bbox 397 4343 415 4364; x_wconf 58' lang='lat'>⁷</span> <span class='ocrx_word' id='word_1_361' title='bbox 444 4370 489 4404; x_wconf 90' lang='lat' dir='ltr'><strong>nec</strong></span> <span class='ocrx_word' id='word_1_362' title='bbox 509 4355 598 4404; x_wconf 89' lang='lat' dir='ltr'><strong>caedes</strong></span> <span class='ocrx_word' id='word_1_363' title='bbox 617 4357 710 4405; x_wconf 86' lang='lat' dir='ltr'><strong>locatas</strong></span> <span class='ocrx_word' id='word_1_364' title='bbox 729 4354 827 4418; x_wconf 88' lang='lat' dir='ltr'><strong>publice</strong></span> <span class='ocrx_word' id='word_1_365' title='bbox 847 4354 976 4402; x_wconf 87' lang='lat' dir='ltr'><strong>latrocinia</strong></span> <span class='ocrx_word' id='word_1_366' title='bbox 1001 4349 1131 4422; x_wconf 75' lang='lat' dir='ltr'><strong>Maduiq:</strong></span> <span class='ocrx_word' id='word_1_367' title='bbox 1157 4366 1203 4400; x_wconf 89' lang='lat' dir='ltr'><strong>nec</strong></span> <span class='ocrx_word' id='word_1_368' title='bbox 1222 4350 1302 4403; x_wconf 85' lang='lat' dir='ltr'><strong>cedes.</strong></span> 
     </span>
     <span class='ocr_line' id='line_1_40' title="bbox 86 4434 491 4506; baseline 0.057 -37"><span class='ocrx_word' id='word_1_369' title='bbox 86 4438 128 4474; x_wconf 85' lang='lat' dir='ltr'><strong>nee</strong></span> <span class='ocrx_word' id='word_1_370' title='bbox 150 4434 227 4490; x_wconf 85' lang='lat' dir='ltr'><strong>locata</strong></span> <span class='ocrx_word' id='word_1_371' title='bbox 245 4443 344 4506; x_wconf 91' lang='lat' dir='ltr'><strong>publice</strong></span> <span class='ocrx_word' id='word_1_372' title='bbox 361 4443 491 4492; x_wconf 89' lang='lat' dir='ltr'><strong>latrocinia</strong></span> 
     </span>
    </p>
   </div>
   <div class='ocr_carea' id='block_1_5' title="bbox 1059 4531 1090 4584">
    <p class='ocr_par' dir='ltr' id='par_1_8' title="bbox 1059 4531 1090 4584">
     <span class='ocr_line' id='line_1_41' title="bbox 1059 4531 1090 4584; baseline 0.032 -1"><span class='ocrx_word' id='word_1_373' title='bbox 1059 4531 1090 4584; x_wconf 85' lang='lat'><strong>10</strong></span> 
     </span>
    </p>
   </div>
   <div class='ocr_carea' id='block_1_6' title="bbox 0 0 1540 5092">
    <p class='ocr_par' dir='ltr' id='par_1_9' title="bbox 0 0 1540 5092">
     <span class='ocr_line' id='line_1_42' title="bbox 0 0 1540 5092; baseline 0 0"><span class='ocrx_word' id='word_1_374' title='bbox 0 0 1540 5092; x_wconf 95' lang='lat' dir='ltr'><strong> </strong></span> 
     </span>
    </p>
   </div>
  </div>
 </body>
</html>
