3046 5092
228 315 269 377 86
606 311 685 353 DIAL.
701 312 727 354 V.
756 312 796 351 DE
812 314 862 352 IRA
879 312 932 355 LIB.
950 312 988 354 111.
1020 317 1037 355 1.
1052 316 1072 355 'L

224 455 285 518 alia
308 457 529 518 inreuocabilia
552 467 633 530 sunt,
656 459 729 537 quia
752 478 815 519 non
837 467 920 534 eunt,
944 461 1001 520 sed
1018 461 1144 533 cadunt,
1168 460 1231 520 uim
1248 479 1336 521 suam
1354 462 1456 541 magis

224 584 262 625 ac
286 565 386 643 magis
410 565 550 626 intendit.
597 563 657 626 alia
685 566 757 626 uitia
789 567 969 640 aratione,
1001 565 1064 626 hoc
1094 587 1113 627 a
1143 566 1278 628 sanitate
1302 567 1488 631 desciscito

224 669 283 732 alia
306 690 451 732 accessus
474 670 560 733 lenes
583 670 702 732 habent
719 680 751 732 et
774 673 968 734 incrementa
983 672 1138 734 fallentia:
1165 673 1195 733 in
1220 673 1298 735 iram
1315 672 1457 735 deiectus

223 771 400 838 animorum
425 787 481 840 est.
528 777 612 839 nulla
635 778 740 859 itaque
763 799 813 839 res
838 788 930 859 urget
959 780 1061 860 magis
1091 780 1226 841 attonita
1256 789 1289 841 et
1319 779 1352 840 in
1375 781 1456 841 uires

186 906 198 943 s
226 903 298 944 suas
320 904 421 965 prona
445 893 476 944 et
500 885 565 947 siue
588 885 753 959 successit,
783 885 935 966 superba,
959 887 1024 946 siue
1047 885 1224 959 frustratur,
1239 887 1371 948 insana.
1417 907 1456 948 ne

222 982 348 1070 repulsa
371 990 497 1071 quidem
522 992 552 1051 in
576 991 715 1052 taedium
740 1000 820 1064 acta,
844 991 896 1052 ubi
920 992 1134 1053 aduersarium
1150 991 1278 1054 fortuna
1292 993 1455 1066 subduxit,

222 1096 253 1156 in
276 1117 310 1158 se
333 1097 401 1179 ipsa
433 1117 556 1158 morsus
587 1119 662 1159 suos
693 1100 794 1160 uertit.
841 1119 900 1160 nec
928 1097 1036 1173 refert,
1068 1107 1221 1180 quantum
1252 1099 1292 1160 sit
1323 1119 1368 1160 ex
1391 1120 1455 1180 quo

222 1204 393 1264 surrexerit
447 1223 487 1265 ex
511 1202 673 1265 leuissimis
697 1206 780 1265 enim
805 1206 835 1265 in
860 1206 998 1266 maxima
1021 1206 1136 1266 euadit.

312 1311 348 1371 ll.
387 1309 513 1372 Nullam
543 1312 653 1372 transit
684 1321 840 1385 aetatem,
869 1311 987 1372 nullum
1011 1310 1177 1372 hominum
1201 1331 1302 1391 genus
1327 1312 1454 1393 excipit.
1478 1328 1493 1378 ι

184 1435 208 1475 ιο
223 1419 380 1498 quaedam
397 1429 509 1497 gentes
525 1417 679 1479 beneficio
697 1419 846 1498 egestatis
862 1440 925 1480 nor.
943 1403 1061 1479 nouere
1083 1416 1248 1479 luxuriam.
1285 1420 1455 1498 quaedam,

223 1525 295 1605 quia
319 1524 477 1585 exercitae
506 1533 538 1585 et
567 1545 667 1605 uagae
691 1534 778 1599 sunt,
808 1525 945 1604 effugere
970 1526 1136 1606 pigritiam.
1176 1523 1289 1604 quibus
1320 1525 1454 1588 incultus

223 1651 293 1691 mos
325 1631 520 1711 agrestisque
552 1631 616 1691 uita
647 1642 710 1705 est,
747 1631 991 1712 circumscriptio
1023 1632 1133 1712 ignota
1164 1638 1212 1691 est
1244 1641 1277 1692 et
1308 1629 1394 1693 fraus
1422 1641 1454 1693 et

222 1739 447 1818 quodcumque
479 1738 509 1797 in
540 1737 610 1798 loro
636 1737 753 1799 malum
777 1739 929 1800 nascitur:
964 1737 1048 1798 nulla
1071 1757 1148 1817 gens
1172 1746 1236 1807 est,
1267 1757 1365 1819 quarn
1389 1758 1453 1800 non

208 1845 265 1915 *ira
289 1844 432 1924 instiget,
460 1854 527 1904 tarn
559 1845 639 1905 inter
662 1842 775 1905 Graios
806 1864 901 1925 quam
929 1845 1010 1905 inter
1040 1843 1194 1906 barbaros
1225 1853 1357 1924 potens,
1389 1865 1452 1906 non

185 1969 207 2008 rs
222 1951 323 2012 minus
354 1951 529 2031 perniciosa
557 1950 644 2031 leges
675 1951 889 2012 metuentibus
920 1971 1015 2031 quam
1052 1950 1164 2031 quibus
1195 1951 1260 2011 iura
1291 1951 1452 2031 distinguit

222 2059 337 2118 modus
354 2057 474 2118 uirium.
513 2058 647 2138 denique
664 2066 770 2118 cetera
786 2057 926 2137 singulos
944 2057 1122 2137 corripiunt,
1146 2055 1197 2118 hic
1212 2077 1291 2118 unus
1307 2055 1451 2119 adfectus
1483 2070 1519 2122 ‘2

222 2172 279 2237 est,
303 2163 356 2244 qui
378 2163 536 2224 interdum
560 2162 683 2243 publice
707 2164 888 2244 concipitur.
934 2183 1107 2244 numquam
1131 2160 1265 2243 populus
1289 2163 1451 2226 uniuersus

221 2270 355 2332 feminae
379 2289 489 2331 amore
512 2269 665 2349 flagrauit,
689 2270 801 2330 necin
824 2270 990 2349 pecuniam
1013 2278 1067 2330 aut
1097 2268 1217 2330 lucrum
1249 2278 1321 2330 tota
1344 2270 1451 2331 ciuitas

222 2397 312 2458 spem
343 2396 432 2437 suam
465 2377 556 2437 misit.
603 2376 734 2437 ambitio
765 2376 878 2437 uiritim
916 2375 1056 2456 singulos
1087 2384 1230 2456 occupat.
1277 2354 1453 2456 inpotentia

181 2498 208 2538 20
225 2483 309 2564 [non]
335 2491 384 2544 est
408 2481 527 2543 malum
550 2482 730 2564 publicum:
765 2503 861 2563 saepe
884 2483 914 2543 in
945 2483 1022 2543 iram
1046 2503 1110 2544 uno
1141 2482 1267 2562 agmine
1290 2483 1370 2544 itum
1394 2491 1450 2544 est.

222 2591 286 2664 uiri,
310 2587 453 2663 feminae,
477 2610 577 2663 senes,
608 2590 704 2670 pueri,
735 2590 889 2670 principes
913 2588 1089 2669 uolgusque
1113 2608 1301 2650 consensere
1325 2597 1359 2649 et
1382 2598 1451 2650 tota
1503 2616 1523 2644 ,¹

222 2695 392 2759 multitudo
420 2695 613 2776 paucissimis
643 2695 747 2756 uerbis
779 2686 937 2756 concitata
966 2695 1068 2776 ipsum
1101 2694 1331 2756 concitatorem
1362 2703 1448 2756 ante-

222 2805 323 2866 cessit.
369 2803 411 2863 ad
442 2823 530 2863 arma
560 2803 702 2882 protinus
732 2802 884 2882 ignesque
916 2802 1089 2862 discursum
1114 2809 1163 2862 est
1186 2809 1219 2861 et
1242 2799 1361 2863 indicta
1384 2799 1449 2862 fini-

222 2911 304 2972 timis
343 2908 426 2970 bella
464 2918 517 2969 aut
556 2917 646 2988 gesta
685 2927 756 2969 cum
795 2908 921 2969 ciuibus.
982 2916 1071 2968 totae
1110 2925 1181 2966 curn
1227 2904 1326 2987 stirpe
1365 2907 1453 2968 omni

181 3039 207 3077 ra
222 3026 379 3079 crematae
420 3016 534 3076 domus
565 3023 597 3075 et
631 3013 730 3075 modo
768 3013 895 3095 eloquio
928 3011 1089 3074 fauorabili
1111 3011 1254 3094 ‘habitus
1284 3013 1316 3074 in
1350 3011 1451 3074 multo

222 3123 344 3185 honore
368 3123 445 3183 iram
469 3142 543 3183 suae
560 3121 715 3182 contionis
731 3121 863 3202 excepit.
909 3121 940 3181 in
960 3120 1184 3199 imperatorem
1202 3138 1293 3181 suum
1310 3119 1456 3200 legiones

221 3229 284 3313 pila
306 3238 474 3292 torserunt.
520 3228 650 3290 dissedit
680 3226 771 3307 plebs
801 3236 872 3289 tota
900 3247 972 3288 cum
995 3226 1144 3307 patribus
1190 3224 1352 3306 publicum
1377 3246 1450 3287 con-

223 3336 332 3409 silium,
358 3335 505 3415 [senatus]
524 3355 587 3395 non
608 3335 784 3414 expectatis
808 3333 972 3394 dilectibus
995 3353 1054 3394 nec
1076 3333 1242 3394 nominato
1257 3333 1454 3414 imperatore

223 3443 344 3506 subitos
367 3443 431 3502 irae
454 3461 528 3502 suae
553 3442 649 3501 duces
672 3439 748 3520 legit
772 3460 809 3501 ac
832 3461 889 3521 per
912 3447 996 3501 tecta
1012 3440 1097 3500 urbis
1120 3437 1233 3500 nobilis
1251 3447 1451 3501 consectatus

183 3570 208 3610 30
224 3550 306 3610 uiros
337 3547 521 3630 supplicium
553 3567 648 3607 manu
678 3548 820 3627 sumpsit.
866 3546 1002 3608 uiolatae
1038 3545 1212 3626 legationes
1252 3555 1349 3626 rupto
1387 3546 1478 3607 iuret>

223 3782 239 3833 2
259 3781 361 3828 intendit
384 3776 479 3830 Gertz:
502 3778 577 3825 tendit
651 3778 760 3825 aratione
780 3776 866 3845 (apr.
888 3775 971 3840 corr.)
1045 3791 1105 3823 asan
1124 3775 1131 3822 i
1150 3781 1200 3823 tate
1218 3775 1314 3824 eseiscit
1334 3774 1408 3840 (ante
1425 3790 1447 3823 es

224 3867 321 3921 charla
341 3865 434 3919 lacera
453 3865 504 3931 est)
609 3867 624 3917 3
645 3867 669 3912 in
689 3867 751 3914 iram
773 3865 808 3930 (m
824 3880 869 3933 pr.
889 3880 922 3917 m.
942 3869 972 3915 ut
990 3861 1057 3927 uid.)
1078 3860 1147 3924 cod„
1167 3865 1191 3910 in
1210 3864 1247 3911 ira
1265 3861 1351 3933 uulgo

224 3958 239 4010 7
259 3959 285 4005 in
304 3974 329 4006 se
348 3957 402 4020 ipsa
420 3953 489 4014 cod„
509 3956 533 4002 in
553 3971 578 4002 se
597 3956 676 4018 ipsam
690 3951 738 4017 ΕΙ,
759 3951 929 4006 commendat
943 3949 1033 4014 Gertz,
1052 3949 1103 4004 sed
1119 3950 1183 4004 uide
1195 3954 1220 4018 4,
1235 3953 1250 4002 2
1264 3968 1320 4001 cum
1340 3969 1367 4002 se
1384 3952 1447 4016 ipsae

224 4063 310 4095 manus
329 4047 442 4108 frangunt
462 4049 488 4095 et
509 4046 530 4108 l,
557 4045 571 4094 3
592 4060 617 4091 se
636 4044 688 4106 ipsa
715 4045 810 4106 rapiens
830 4043 945 4091 uiolentia
1055 4040 1086 4092 lb
1106 4041 1205 4093 affectus
1229 4039 1320 4109 (prior
1338 4041 1351 4089 f
1367 4040 1445 4105 corr.)

308 4135 342 4187 ‘20
361 4151 411 4183 non
430 4130 542 4184 traduxit
562 4129 675 4200 Madtriy
752 4133 776 4180 in
795 4134 856 4179 iram
878 4129 1039 4183 deteriores:
1061 4131 1124 4178 inira
1207 4128 1240 4181 21
1261 4129 1378 4194 uulgusq;

223 4224 257 4276 25
277 4225 408 4272 fauorabili
426 4220 555 4290 Madmp:
577 4221 720 4269 fauorabilis
797 4221 831 4271 ‘28
850 4226 945 4268 senatus
964 4216 1076 4270 induxit
1093 4215 1178 4281 Koch,
1197 4215 1274 4286 quod
1291 4233 1352 4270 esse
1369 4217 1446 4270 inler-

223 4317 421 4380 pretamentum
440 4318 572 4380 nppnrcl;
595 4308 630 4376 cf.
649 4307 715 4361 Veli.
732 4307 789 4360 Par.
812 4311 834 4370 1,
849 4312 902 4368 uu
922 4309 963 4356 hic
983 4316 1079 4356 centum
1100 4307 1212 4356 homines
1231 4308 1323 4357 electos
1341 4307 1447 4373 appella·

224 4407 309 4464 tosque
328 4409 408 4464 patres
427 4403 502 4448 instar
521 4401 607 4447 habuit
627 4399 722 4446 consilii
743 4399 833 4460 publici
924 4394 957 4447 ‘29
978 4402 1042 4444 tecta
1050 4411 1065 4442 u
1174 4394 1208 4448 30
1226 4396 1319 4445 uiolate
