3046 5092
420 334 576 376 ACCIDANT
595 335 659 377 CVM
677 334 885 377 PROVIDENTIA
904 335 958 380 SIT.
977 336 1003 379 V.
1019 335 1056 378 Vl.
1305 342 1344 408 13

123 501 231 549 cursus
254 479 347 542 uehit
393 478 444 542 ille
466 481 533 562 ipse
556 480 697 543 omnium
721 481 868 542 conditor
891 490 922 543 et
946 491 1050 545 rector
1073 483 1195 564 scripsit
1217 483 1344 563 quidem

104 592 194 663 stata,
216 587 272 648 sed
294 585 442 668 sequitur.
487 607 613 668 semper
635 597 734 668 paret,
758 586 857 649 semel
879 588 974 651 iussit.
1021 610 1118 669 quare
1143 599 1250 651 tamen
1266 589 1344 652 deus

134 707 188 764 tam
212 694 329 774 iniquus
352 693 384 755 in
406 694 625 756 distributione
647 693 702 756 fati
724 693 789 769 fuit,
813 681 848 756 ut
871 694 963 756 bonis
986 695 1058 757 uiris
1074 704 1295 777 paupertatem
1312 706 1344 758 et

138 788 248 865 uolnera
277 809 310 863 et
333 800 449 863 acerba
471 800 580 862 funera
601 799 812 862 adscriberet?
859 821 923 863 non
947 810 1055 882 potest
1086 801 1199 864 artifex
1223 812 1345 865 mutare

116 898 299 970 materiam:
341 907 405 970 hoc
426 926 520 988 passa
551 914 606 969 est.
652 908 810 988 quaedam
841 908 978 989 separari
1010 928 1028 969 a
1054 890 1248 989 'quibusdam
1280 928 1371 971 nons

145 1023 258 1095 possunt,
282 1014 462 1088 cohaerent,
486 1014 646 1075 indiuidua
668 1024 756 1075 sunt:
791 1013 939 1093 languida
962 1014 1087 1094 ingenia
1102 1023 1134 1076 et
1150 1016 1180 1075 in
1195 1032 1343 1077 somnum

147 1122 206 1184 itura
217 1130 267 1183 aut
282 1122 314 1183 in
329 1121 466 1200 uigiliam
482 1140 598 1182 somno
613 1119 802 1182 simillimam
818 1119 968 1182 inertibus
989 1130 1157 1206 nectuntur
1173 1120 1343 1185 elementis.

148 1236 172 1290 ut
194 1226 333 1290 efficiatur
362 1227 408 1288 uir
438 1247 509 1288 cum
542 1247 616 1289 cura
646 1227 812 1301 dicenduS,
844 1225 974 1289 fortiore
997 1209 1054 1289 filo'
1073 1248 1154 1309 opus
1177 1239 1233 1292 est.
1280 1249 1343 1307 non

95 1351 116 1406 ἢ
148 1334 189 1396 erit
212 1332 247 1395 illi
276 1333 406 1415 planum
437 1333 503 1395 iter.
549 1353 672 1395 sursum
696 1341 824 1415 oportet
847 1353 883 1395 ac
908 1334 1056 1395 deorsum
1081 1344 1146 1409 eat,
1177 1334 1344 1398 fluctuetur

149 1459 175 1500 ac
197 1441 344 1520 nauigium
376 1441 406 1501 in
437 1419 565 1502 turbido
589 1449 686 1521 regat.
733 1449 844 1502 contra
866 1439 1024 1524 fortunam
1051 1440 1091 1502 illi
1115 1443 1271 1504 tenendus
1294 1452 1343 1504 est
1359 1460 1382 1500 ιο

149 1565 236 1608 cursus.
280 1545 380 1608 multa
402 1547 546 1608 accident
561 1546 646 1621 dura,
670 1566 789 1627 aspera,
814 1546 869 1608 sed
886 1567 968 1627 quae
991 1546 1111 1630 molliat
1127 1557 1159 1609 et
1175 1523 1343 1630 eonplanet

95 1641 136 1709 '10
149 1651 203 1731 ipse.
246 1654 324 1734 ignis
354 1673 465 1715 aurum
496 1653 624 1734 probat,
650 1653 772 1715 miseria
798 1652 896 1716 fortes
922 1654 1012 1715 uiros.
1060 1654 1132 1715 uide
1156 1674 1252 1734 quarn
1271 1654 1344 1717 ‘alte

149 1762 287 1824 escendere
311 1760 430 1823 debeat
452 1760 564 1822 uirtus:
605 1760 684 1821 scies
708 1758 747 1821 illi
771 1780 835 1821 non
858 1779 915 1841 per
938 1780 1048 1822 secura
1071 1761 1261 1823 uadendum.

323 1871 421 1928 ardua
436 1871 536 1946 prima
558 1862 610 1927 itia
631 1877 672 1926 est
692 1877 720 1927 et
739 1889 825 1945 quam
849 1872 899 1927 uix
922 1889 1006 1927 mane
1028 1877 1147 1928 recentes

321 1960 466 2016 enituntur
487 1960 557 2032 equi.
603 1959 693 2016 medio
716 1967 757 2016 est
778 1960 917 2016 altissima
940 1960 1024 2030 caelo,

322 2048 395 2104 unde
418 2066 498 2104 mare
521 2054 549 2104 et
568 2054 661 2105 terras
685 2049 739 2122 ipsi
759 2049 831 2104 mihi
850 2057 932 2124 saepe
955 2048 1052 2105 uillere

321 2138 360 2193 sit
380 2138 466 2193 linior
487 2144 514 2192 et
529 2127 647 2212 pauida*
664 2137 780 2212 trepidet
792 2137 955 2213 formzdine
977 2142 1080 2199 pectus.

322 2226 424 2282 ultima
441 2233 538 2300 prona
561 2226 610 2281 uia
634 2231 674 2282 cst
695 2231 722 2281 et
743 2232 802 2298 eget
823 2225 1012 2283 nzoderamine
1035 2233 1116 2282 certo.

321 2321 387 2372 tunc
410 2315 493 2371 etiam
517 2332 591 2388 quae
613 2332 657 2370 me
678 2314 805 2370 subiectis
828 2315 931 2389 excipit
952 2315 1042 2386 undis,

322 2422 357 2460 ne
371 2405 465 2480 ferar
486 2403 515 2459 in
535 2411 676 2478 praeceps,
706 2403 808 2477 Tethys
829 2395 900 2459 solet
919 2405 979 2459 ima
1001 2403 1101 2464 uereri.
1176 2412 1178 2417 '

115 2501 134 2552 n
149 2498 207 2564 haec
233 2528 298 2569 cum
330 2508 469 2568 audisset
492 2505 542 2567 ille
565 2526 737 2586 generosus
760 2505 958 2581 adulescens,
990 2506 1109 2588 placet,
1133 2507 1247 2586 inquit,
1270 2507 1339 2570 uia:

149 2614 266 2677 escendo.
312 2623 361 2676 est
391 2613 467 2675 tanti
496 2632 553 2694 per
584 2613 642 2674 ista
669 2613 713 2674 ire
742 2632 861 2675 casuro.
907 2633 971 2674 non
1001 2613 1114 2675 desinit
1145 2633 1249 2674 acrem
1278 2613 1341 2674 ani-

150 2731 214 2778 mum
234 2730 317 2783 metu
340 2720 499 2783 territare:

321 2838 407 2904 utque
429 2830 506 2886 uiam
531 2834 624 2885 teneas
647 2828 779 2903 nulloque
801 2823 898 2885 errore
918 2829 1056 2902 traharis,
1116 2841 1119 2845 ’

319 2928 373 2994 per
394 2925 487 2975 tamen
511 2917 627 2974 aduersi
644 2917 786 2990 gradieris
809 2935 916 2975 cornua
939 2919 1019 2974 tauri
1358 2946 1383 2986 25

325 3008 552 3080 Haemoniosque
575 3001 660 3062 arctis
682 3003 851 3081 uiolentiquc
873 3025 926 3063 ora
949 3007 1043 3064 leonis.

150 3113 204 3179 post
232 3109 306 3174 haec
336 3111 397 3173 ait:
439 3110 535 3189 iunge
565 3109 658 3171 datos
694 3129 816 3171 currus.
881 3110 928 3171 his
966 3108 1079 3190 quibus
1112 3109 1261 3173 deterreri
1293 3129 1344 3170 me

151 3218 229 3290 putas,
249 3218 366 3286 incitor.
412 3216 489 3278 libet
512 3214 571 3279 illic
593 3225 676 3278 stare
707 3214 760 3277 ubi
790 3217 857 3298 ipse
880 3214 937 3277 Sol
968 3217 1112 3296 trepidat.
1166 3215 1289 3276 humilis
1313 3225 1344 3277 et

151 3311 230 3384 inertis
249 3333 296 3386 est
318 3331 387 3386 tuta
410 3324 540 3386 sectari:
567 3343 623 3403 per
646 3321 708 3384 alta
732 3322 829 3384 uirtus
842 3323 883 3385 'it.

129 3418 137 3468 l
217 3430 264 3495 Vl.
296 3430 405 3512 Quare
427 3439 534 3492 tamen
557 3429 649 3491 bonis
673 3430 743 3491 uiris
766 3431 883 3510 patitur
905 3428 1021 3510 aliquid
1052 3429 1125 3490 mali
1157 3431 1235 3490 deus
1262 3429 1344 3492 fieri?
1359 3463 1384 3502 30

151 3524 186 3588 ille
210 3555 275 3599 uero
306 3558 372 3599 non
401 3537 525 3618 patitur.
572 3537 678 3597 omnia
709 3536 791 3597 mala
822 3534 862 3597 ab
893 3535 950 3597 illis
982 3537 1133 3611 remouit,
1164 3535 1283 3598 scelera
1313 3544 1345 3597 et

152 3650 298 3672 ..χ-ν
309 3666 331 3670 -.

152 3718 230 3779 lstllul
246 3733 271 3784 in
290 3748 346 3785 rus.
426 3730 559 3781 luuluera
638 3731 782 3778 asscriberet
855 3728 870 3776 ἴ)
889 3730 939 3778 hoc
959 3746 1031 3793 passa
1050 3735 1085 3778 est
1103 3726 1128 3782 lt.
1143 3746 1165 3783 e.
1184 3702 1237 3781 lton
1256 3732 1345 3798 potest

152 3822 248 3873 n(messe
259 3821 381 3876 obnoxia
392 3817 526 3872 eiusmodi
537 3817 633 3880 mali's;
652 3816 688 3885 cf.
702 3816 737 3870 de
749 3819 791 3870 ira
805 3820 829 3879 3,
844 3819 886 3879 28,
901 3819 916 3868 3
985 3820 1000 3868 li
1014 3819 1130 3867 coherent
1191 3817 1206 3870 7
1220 3823 1345 3867 nectuntur

152 3896 198 3961 (tunt
207 3905 229 3959 in
239 3911 302 3977 ras.)
365 3908 381 3960 8
401 3909 443 3957 filo
457 3906 548 3961 Koch:
570 3907 621 3956 lato
686 3906 718 3958 10
738 3923 767 3956 ac
781 3905 819 3971 (in
832 3906 900 3971 ras.)
969 3905 999 3958 13
1014 3907 1145 3956 escendere
1159 3905 1342 3975 Bonparsius:

138 4012 251 4065 *extendere
297 4017 350 4079 ,lit
370 4016 425 4065 celo
498 4014 526 4066 lli
545 4031 602 4078 sepe
675 4013 707 4065 li
726 4013 862 4078 trepidedet
930 4013 962 4064 18
981 3977 1063 4079 68¹(8u
1076 4013 1171 4082 ηψπ)
1226 4009 1260 4063 20
1273 4011 1344 4059 thetis

152 4091 207 4157 lhel'n
220 4103 243 4155 in
254 4106 320 4171 ras.)
395 4105 424 4156 21
447 4105 493 4152 hec
561 4103 621 4168 inqd
683 4101 716 4154 22
730 4102 836 4152 escendo
849 4099 1034 4170 Bonqurn'us:
1056 4103 1165 4152 excendo
1185 4099 1263 4166 (exin
1276 4097 1343 4163 ras.)

215 4210 243 4263 23
254 4199 338 4263 intare
351 4212 458 4276 ut.q;uia
472 4209 572 4276 (ornrn'a
586 4210 612 4261 in
626 4208 693 4273 rus.)
773 4208 807 4260 25
820 4209 974 4272 hemoniosq.
1046 4225 1114 4257 arcus
1128 4208 1153 4272 (a
1167 4206 1194 4258 in
1206 4205 1272 4270 rus.)

151 4341 176 4396 ll
186 4304 283 4406 dallirrus
355 4354 390 4407 28
403 4353 501 4402 humilis
521 4383 553 4388 -
573 4355 607 4405 29
626 4353 700 4400 uirtus
720 4353 737 4400 it
750 4350 890 4420 separauit
903 4367 920 4401 a
933 4346 1108 4402 Phaethontis
1125 4348 1249 4401 oratione
1263 4343 1344 4400 Gertz

217 4442 246 4495 30
263 4446 322 4494 mali
335 4425 391 4464 ⁶⁶⁰⁵
411 4444 462 4492 fieri
482 4443 550 4508 (deus
569 4457 603 4495 m.
611 4441 671 4510 pr.)
