3046 5092
480 335 560 378 DIAL.
577 335 605 380 11.
635 335 859 379 balaanan.
887 337 971 380 atat.
1295 342 1336 403 79

137 484 324 566 turpissimam
363 482 467 544 aiebat
498 481 614 543 Fabius
653 482 835 562 imperatori
867 482 1104 543 excusationem
1143 493 1230 544 esse:
1273 502 1338 545 non

137 590 229 675 putaui.
273 609 337 670 ego
369 589 582 670 turpissimam
620 587 740 650 homini
776 598 865 669 puto.
911 588 1018 650 omnia
1055 597 1141 671 puta,
1179 598 1334 670 expecta:

112 699 211 764 teriam
239 697 269 757 in
306 694 400 757 bonis
438 695 579 757 moribus
609 693 725 776 aliquid
756 696 873 757 existet
911 695 1058 778 asperius.
1102 695 1162 758 fert
1199 694 1339 756 humana

138 816 226 866 natura
246 802 414 864 insidiosos
436 801 576 877 animos,
604 801 665 863 fert
694 802 851 882 ingratos,
883 800 943 864 fert
966 802 1113 883 cupidos,
1145 801 1204 863 fert
1227 802 1337 883 inpios

138 930 193 972 oum
211 910 250 971 de
272 908 363 970 unius
386 907 528 971 moribus
551 907 710 982 iudicabis,
735 908 776 969 de
798 906 929 989 publicis
960 908 1075 989 cogita.
1120 907 1174 969 ubi
1197 909 1338 969 maxime
1365 930 1377 970 s

138 1017 274 1097 gaudebis
298 1015 440 1078 maxime
463 1025 578 1077 metue.
623 1014 677 1076 ubi
699 998 865 1096 tranquilla
896 1014 952 1076 tibi
975 1015 1083 1076 omnia
1104 1015 1266 1089 uidentur,
1296 1013 1339 1075 ibi

138 1122 254 1185 nocitura
275 1142 342 1184 non
365 1122 479 1183 desunt
500 1122 559 1183 sed
582 1121 753 1202 quiescunt.
798 1140 924 1201 semper
950 1120 1088 1183 futurum
1112 1120 1227 1201 aliquid
1250 1120 1356 1201 quod

139 1239 163 1292 te
179 1229 311 1291 offendat
333 1229 489 1290 existima.
535 1226 731 1309 gubernator
761 1247 934 1309 numquam
962 1228 1005 1289 ita
1031 1237 1119 1290 totos
1142 1228 1226 1289 sinus
1250 1247 1337 1288 secu-

139 1355 178 1397 rus
208 1335 371 1417 explicuit,
409 1343 445 1396 ut
482 1354 548 1397 non
585 1333 736 1415 expedite
773 1335 815 1395 ad
853 1333 1105 1396 contrahendum
1143 1343 1340 1395 armamenta

114 1442 303 1523 udisponeret.
349 1440 423 1504 illud
446 1449 520 1503 ante
543 1441 651 1502 omnia
674 1441 795 1520 cogita,
826 1439 955 1502 foedam
978 1460 1048 1502 esse
1071 1449 1104 1502 et
1127 1428 1339 1502 execiabilem
1356 1466 1379 1504 ro

139 1548 186 1610 uim
205 1549 335 1612 nocendi
365 1555 398 1610 et
428 1547 649 1610 alienissimam
679 1546 815 1622 homini,
839 1547 925 1609 cuius
948 1546 1103 1609 beneficio
1127 1547 1221 1609 etiam
1245 1566 1341 1608 saeua

139 1665 342 1718 mansuescunt
389 1654 517 1736 adspice
540 1663 701 1716 taurorum
732 1654 808 1735 iugo
831 1653 913 1716 colla
942 1653 1098 1716 submissa
1127 1662 1160 1716 et
1191 1654 1338 1735 elephan-

139 1765 222 1822 torum
242 1762 345 1842 pueris
366 1762 482 1843 pariter
505 1781 543 1823 ac
565 1759 687 1822 feminis
702 1758 946 1842 persultantibus
969 1768 1060 1840 terga
1081 1761 1197 1841 inpune
1220 1760 1340 1823 calcata

140 1873 163 1926 et
180 1868 305 1949 repentis
329 1866 410 1930 inter
431 1864 547 1949 pocula
576 1867 724 1948 sinusque
754 1866 885 1929 innoxio
913 1866 1002 1949 lapsu
1026 1868 1181 1929 dracones
1205 1875 1237 1929 et
1260 1868 1341 1930 intra

139 1967 246 2036 domum
268 1994 414 2036 ursorum
437 1973 629 2055 leonumque
651 1993 709 2036 ora
738 1971 862 2054 placida
888 1973 1095 2035 tractantibus
1123 1972 1340 2054 adulantisque
1356 1994 1380 2036 15

114 2076 278 2145 tdominum
303 2067 404 2143 feras:
429 2079 563 2162 pudebit
579 2099 651 2141 cum
672 2078 857 2141 animalibus
880 2089 1078 2160 permutasse
1093 2100 1207 2142 mores
1253 2079 1340 2142 nefas

140 2191 175 2245 est
193 2206 300 2249 nocere
329 2188 470 2269 patriae:
503 2206 582 2267 ergo
606 2185 664 2249 ciui
686 2205 829 2267 quoque,
860 2206 934 2248 nam
965 2184 1015 2248 hic
1038 2207 1111 2268 pars
1133 2187 1254 2270 patriae
1284 2196 1341 2249 est.

139 2301 242 2355 sanctae
261 2303 369 2375 partes
392 2302 472 2368 sunt,
496 2292 522 2355 si
544 2294 723 2354 uniuersum
750 2291 931 2354 uenerabile
954 2302 1010 2355 est.
1057 2314 1135 2375 ergo
1158 2302 1191 2356 et
1213 2293 1342 2367 homini,

139 2409 197 2456 nam
221 2398 268 2462 hic
297 2400 332 2461 in
367 2400 487 2463 maiore
523 2398 579 2460 tibi
609 2398 688 2460 urbe
718 2397 793 2460 ciuis
824 2407 880 2460 est.
926 2400 1002 2481 quid
1032 2398 1058 2461 si
1095 2420 1211 2462 nocere
1245 2398 1342 2462 uelint
1395 2444 1400 2453 .

139 2516 226 2566 manus
259 2504 415 2587 pedibus?
462 2505 608 2568 manibus
646 2503 747 2567 oculi?
787 2513 822 2566 ut
863 2506 970 2567 omnia
1007 2507 1087 2567 inter
1123 2526 1158 2568 se
1196 2506 1381 2569 membrano

139 2613 318 2687 consentiunt,
342 2613 416 2694 quia
437 2610 560 2692 singula
574 2612 691 2673 seruari
707 2612 804 2673 totius
827 2612 963 2687 interest,
987 2613 1030 2674 ita
1046 2611 1191 2674 homines
1213 2612 1341 2692 singulis

138 2725 250 2793 parcent,
280 2719 354 2801 q'uia
384 2719 426 2780 ad
450 2728 577 2780 coetum
601 2717 698 2796 geniti
719 2727 806 2790 sunt.
851 2716 939 2779 salua
969 2728 1076 2780 autem
1107 2739 1178 2780 esse
1207 2719 1341 2780 societas

115 2814 183 2880 uniri
207 2826 346 2886 custodia
375 2832 408 2885 et
438 2843 548 2886 amore
579 2824 714 2906 partium
745 2845 810 2887 non
833 2833 950 2907 potest.
995 2845 1036 2886 ne
1061 2826 1189 2908 ‚uiperas
1210 2825 1340 2906 quidem

139 2925 317 3006 etnatrices,
348 2940 381 2992 et
411 2932 436 2992 si
459 2910 522 3011 qula
552 2950 660 2993 morsu
683 2932 823 3031 autjctu
846 2939 978 3006 nocent,
1009 2930 1228 3013 effligeremus,
1259 2932 1285 2994 si
1307 2940 1341 2992 ut

139 3025 233 3113 reliqua
253 3036 489 3107 mansuefacere
504 3057 671 3119 possemus
686 3044 740 3099 aut
756 3035 888 3112 efficere,
912 3059 953 3100 ne
967 3038 1060 3100 nobis
1080 3037 1186 3099 aliisue
1200 3037 1339 3118 periculo
1355 3052 1380 3093 2⁵

139 3147 227 3204 essent
270 3164 349 3224 ergo
372 3164 413 3206 ne
435 3143 555 3206 homini
577 3144 706 3232 qu'ulem
730 3143 924 3219 nocebimus,
950 3145 1023 3225 quia
1045 3144 1196 3225 peccauit,
1218 3144 1277 3205 sed
1299 3162 1340 3204 ne

139 3254 233 3324 peccet,
252 3269 311 3312 nec
325 3270 477 3331 umquam
493 3252 536 3312 ad
551 3251 763 3332 praeteritum,
779 3253 835 3312 sed
851 3252 893 3313 ad
909 3250 1046 3312 futurum
1062 3270 1166 3330 poena
1181 3248 1339 3312 referetur.

139 3359 187 3408 ¹¹0ss
211 3357 289 3417 enim
311 3356 462 3432 irascitur,
483 3358 542 3418 sed
565 3365 664 3418 cauet.
710 3357 842 3420 namsi
872 3357 1048 3438 puniendus
1083 3364 1132 3417 est
1155 3357 1341 3438 cuicumque

139 3465 244 3526 prauum
274 3461 515 3544 maleficumque
538 3463 697 3543 ingenium
721 3473 777 3538 est,
800 3483 906 3544 poena
928 3463 1088 3525 neminem
1112 3463 1257 3544 excipiet.

118 3563 128 3615 1
207 3566 336 3630 XXXII.
382 3569 430 3631 At
462 3569 545 3630 enim
575 3570 621 3631 ira
654 3568 753 3632 habet
783 3568 920 3650 aliquam
955 3568 1153 3650 uoluptatem
1184 3576 1217 3629 et
1248 3567 1340 3630 dulce
1353 3585 1379 3625 ao

141 3669 176 3724 est
188 3671 322 3738 dolorem
339 3677 481 3738 reddere.
528 3676 671 3738 minime:
697 3697 763 3737 non
786 3677 871 3737 enim
891 3683 926 3738 ut
941 3676 972 3737 in
995 3673 1153 3738 beneficiis
1168 3672 1338 3737 honestum

141 3775 176 3830 eil
194 3783 297 3844 merita
320 3781 439 3843 meritis
461 3801 644 3862 repensare,
676 3783 720 3843 ita
750 3783 873 3843 iniurias
895 3781 1017 3843 iniuriis.
1062 3780 1123 3843 illic
1145 3781 1226 3842 uinci
1247 3791 1340 3862 turpe
1436 3779 1440 3786 ’

141 3884 324 3913 N..—

142 3937 247 4006 3exsistet
336 3957 463 4022 limpios
553 3958 667 4010 b'metue
689 3955 783 4010 Gertz:
805 3966 897 4008 metues
982 3955 1016 4010 10
1035 3958 1119 4021 fedam
1205 3956 1236 4007 12
1256 3955 1339 4018 aspice

218 4048 340 4096 taurorum
359 4044 467 4099 Haase:
489 4046 676 4111 elephantorum
784 4047 914 4096 summissa
1022 4046 1207 4111 elephantorum
1226 4041 1336 4102 Haase:

142 4119 239 4182 taurorum
335 4134 367 4187 13
387 4136 596 4200 persulstantib3
688 4136 789 4200 impune
880 4135 912 4187 lb
931 4135 1039 4199 leomiq;
1061 4133 1101 4199 (q;
1123 4131 1149 4183 in
1168 4129 1236 4197 raa.)

143 4201 168 4258 22
181 4227 228 4280 estu
303 4223 338 4276 23
357 4218 453 4288 uipera⁵
468 4225 518 4291 qde
550 4205 646 4297 (⁵ssldem
665 4222 692 4274 in
711 4223 779 4288 rus.)
876 4221 911 4275 24
930 4232 954 4270 ut
973 4222 1066 4288 reliqua
1085 4218 1250 4273 deterrimum
1268 4233 1338 4271 unus

144 4336 163 4379 el
175 4337 303 4401 editionem
325 4349 350 4397 in
369 4348 487 4412 reliquam
572 4346 605 4398 25
625 4305 699 4396 aliisue
717 4346 739 4413 (s
759 4353 822 4399 aitte
840 4361 869 4395 ue
889 4343 951 4410 del.)
1036 4343 1070 4397 29
1089 4345 1193 4408 excipiet
1213 4342 1233 4408 (t
1252 4344 1337 4409 corr.)

210 4434 239 4487 32
258 4443 375 4502 repesare
394 4435 475 4502 (esare
494 4435 521 4487 iri
540 4435 607 4496 rani
798 4428 803 4439 ’
