3060 5078
379 317 459 361 omn
475 318 514 360 v1.
542 319 584 358 no
600 317 743 360 usnemu
759 318 799 358 ns
814 315 1057 360 consociamur.
1086 320 1107 362 a.
1122 320 1142 360 a.
1217 310 1218 313 ’
1278 308 1372 383 '123

156 467 275 547 iigenio
298 474 472 546 potentem,
499 465 575 546 [sed]
601 464 785 546 frugalitatis
810 465 1082 546 continentiaeque
1097 467 1127 526 in
1143 464 1202 526 illis
1218 473 1271 527 aut
1288 468 1375 527 annis

154 583 201 636 aut
216 573 332 655 opibus
349 593 412 644 non
428 574 628 634 mediocriter
644 574 858 648 admirandae,
870 575 1045 654 patientem
1061 551 1215 647 laborum,
1230 571 1375 652 uolupta-⁴

153 680 230 742 tibus
261 679 414 754 alienum,
446 688 738 763 quantumcumque
765 683 917 762 inponere
934 679 981 762 illi
1005 680 1175 742 auunculus
1199 688 1246 754 et,
1278 689 1310 739 ut
1332 680 1376 768 ita

151 787 266 864 dicam,
298 786 495 849 inaedificare
518 787 680 863 uoluisset,
711 787 856 865 laturum.
902 788 985 850 bene
1007 787 1129 869 legerat
1152 785 1226 848 nulli
1250 805 1376 847 cessura

98 899 136 950 4
150 896 281 975 ponderi
312 893 524 957 fundamenta.
571 893 689 956 nullum
718 894 813 961 finem
841 916 899 976 per
922 915 1018 956 omne
1043 897 1126 956 uitae
1149 914 1224 955 suae
1248 903 1401 973 tempusa

138 1001 243 1063 llendi
274 1002 485 1083 gemendique
517 1001 589 1091 lecit
620 1023 678 1064 nec
709 1001 787 1064 ullas
818 1003 945 1064 admisit
976 1023 1072 1065 uoces
1100 1000 1235 1064 salutare
1259 999 1375 1080 aliquid

150 1108 334 1182 adferentis,
356 1129 396 1169 ne
419 1111 544 1170 auocari
566 1109 694 1189 quidem
718 1130 753 1170 se
776 1129 870 1190 passa
892 1118 959 1171 est:
991 1109 1111 1170 intenta
1134 1109 1165 1168 in
1189 1128 1283 1169 unam
1308 1127 1375 1168 rem

150 1225 178 1278 et
202 1223 275 1277 toto
299 1216 404 1276 animo
428 1213 536 1277 adfixa
559 1215 628 1277 talis
652 1237 861 1297 peromnem
886 1217 984 1277 uitam
1008 1215 1071 1290 luit,
1096 1213 1195 1296 qualis
1212 1217 1243 1276 iu
1259 1213 1375 1276 funere.

149 1343 208 1383 non
234 1323 306 1383 dico
330 1342 394 1382 non
415 1330 464 1382 est
480 1343 555 1384 ausa
572 1336 770 1403 consurgere,
795 1324 852 1384 sed
869 1322 1006 1385 adleuari
1028 1342 1182 1397 recusam,
1203 1323 1375 1383 secundam

149 1414 317 1491 orbitatem
353 1429 490 1507 iudicans
530 1429 672 1491 lacrimas
704 1431 865 1504 amittere,
905 1429 1021 1491 nullam
1055 1428 1172 1490 habere
1205 1429 1375 1509 imaginem
1394 1445 1415 1482 ιο

110 1535 196 1598 sfilii
225 1537 373 1597 carissimi
401 1535 515 1611 uoluit,
554 1536 670 1599 nullam
699 1537 758 1603 sibi
782 1538 822 1598 de
846 1536 898 1598 illo
922 1537 988 1599 fieri
1012 1537 1215 1598 mentionem.
1264 1536 1376 1601 oderat

149 1663 257 1705 omnes
287 1652 404 1705 matres
433 1653 464 1705 et
495 1645 525 1704 in
549 1644 671 1706 Liuiam
702 1645 841 1706 maxime
873 1644 1012 1718 furebat,
1043 1644 1115 1725 quia
1146 1643 1312 1704 uidebatur
1335 1644 1376 1702 ad

147 1749 220 1812 illius
252 1749 348 1812 filium
382 1751 527 1812 transisse
558 1751 617 1812 sibi
640 1752 796 1833 promissa
818 1751 954 1842 felicitas.
1001 1750 1139 1812 tenebris
1163 1759 1195 1810 et
1218 1748 1376 1810 solitudini

146 1855 388 1932 familiarissima,
411 1878 451 1919 ne
467 1859 508 1919 ad
524 1857 653 1920 fratrem
669 1859 797 1940 quidem
815 1859 989 1939 respiciens
1014 1857 1152 1918 carmina
1168 1855 1375 1918 celebrandae

145 1962 285 2027 Marcelli
308 1965 480 2026 memoriae
504 1967 669 2047 conposita
692 1966 833 2046 aliosque
856 1966 1030 2027 studiorum
1054 1963 1191 2025 honores
1215 1963 1320 2024 reiecit
1343 1970 1375 2024 et
1392 1980 1415 2019 is

142 2091 233 2161 aures
264 2091 336 2132 suas
366 2073 518 2133 aduersus
541 2094 636 2134 omne
660 2073 810 2135 solacium
835 2072 951 2133 clausit.
998 2070 1244 2132 asollemnibus
1268 2068 1376 2130 officiis

140 2181 275 2241 seducta
311 2187 342 2239 et
377 2180 477 2259 ipsam
498 2180 740 2259 magnitudinis
778 2179 932 2241 fraternae
971 2179 1061 2240 nimis
1100 2176 1375 2239 circumlucentem

135 2283 302 2348 fortunam
327 2304 427 2348 exosa
451 2285 574 2347 defodit
598 2307 632 2348 se
656 2296 687 2348 et
711 2286 841 2348 abdidit.
888 2285 1104 2348 adsidentibus
1128 2284 1247 2359 liberis,
1276 2304 1374 2364 nepo-

133 2393 224 2477 tibus
248 2391 414 2472 lugubrem
439 2402 559 2454 uestem
584 2414 648 2454 non
674 2394 829 2475 deposuit,
852 2413 917 2454 non
941 2394 1006 2454 sine
1027 2390 1217 2454 contumelia
1236 2392 1375 2452 omnium

128 2509 279 2574 suorum,
303 2500 413 2582 quibus
437 2500 529 2561 saluis
553 2500 632 2562 orba
654 2501 712 2562 sibi
736 2500 909 2562 uidebatur.
1386 2515 1412 2556 2⁰

231 2605 283 2667 Ill.
319 2607 408 2668 Liuia
424 2608 570 2668 amiserat
585 2606 681 2668 filrbm
698 2608 845 2682 Drusum,
870 2626 1022 2687 magnum
1039 2605 1175 2668 futurum
1190 2606 1372 2686 principem,

126 2712 202 2776 iam
235 2733 387 2793 magnum
412 2715 553 2792 ducem:
588 2715 758 2787 intrauerat
788 2714 911 2795 penitus
936 2712 1138 2775 Germaniam
1162 2721 1194 2774 et
1218 2712 1260 2772 ibi
1283 2712 1372 2790 signa

126 2817 290 2883 Romana
323 2819 453 2896 fixerat,
493 2811 545 2881 ubi
576 2822 630 2882 uix
663 2820 742 2882 ullos
774 2841 843 2882 esse
873 2805 1039 2881 Romanos
1071 2829 1182 2880 notum
1214 2827 1288 2880 erat.
1341 2818 1372 2878 in

129 2927 347 3008 expeditione
371 2929 549 2989 decesserat
572 2929 646 3010 ipsis
670 2927 755 2989 illum
777 2927 920 2989 hostibus
937 2947 1066 3009 aegrum
1084 2947 1155 2988 cum
1172 2925 1372 2987 ueneratione

130 3043 172 3096 et
197 3043 411 3115 pacemutua
433 3034 695 3116 prosequentibus
719 3055 777 3096 nec
801 3043 912 3116 optare
935 3035 1022 3116 quod
1047 3034 1239 3116 expediebat
1255 3033 1370 3094 auden·
1387 3052 1412 3101 is

129 3141 234 3202 tibus,
274 3141 448 3203 accedebat
463 3143 513 3203 ad
536 3142 618 3203 hanc
639 3151 786 3216 mortem,
809 3162 904 3222 quam
926 3141 976 3202 ille
991 3162 1051 3222 pro
1067 3141 1225 3222 republica
1242 3139 1372 3212 obierat,

134 3248 254 3328 ingens
285 3249 397 3309 ciuium
430 3250 722 3329 prouinciarumque
754 3257 786 3309 et
817 3249 913 3309 totius
942 3248 1048 3310 ltaliae
1079 3248 1284 3321 desiderium,
1316 3265 1373 3327 per

138 3375 239 3434 quam
271 3355 375 3416 effusis
405 3356 435 3415 in
466 3355 604 3417 officium
635 3354 768 3436 lugubre
800 3356 971 3436 municipiis
999 3354 1192 3436 coloniisque
1220 3373 1318 3434 usque
1342 3352 1373 3411 in

143 3461 255 3523 urbem
281 3463 409 3523 ductum
435 3472 501 3524 erat
524 3462 615 3523 funus
638 3461 799 3543 triumpho
820 3461 1019 3524 simillimum.
1058 3482 1121 3523 non
1137 3461 1265 3522 licuerat
1282 3460 1372 3521 matri
1408 3503 1409 3507 ,

145 3567 253 3630 ultima
277 3554 338 3630 filii⁴
350 3568 457 3631 oscula
480 3579 671 3650 gratumque
687 3569 822 3630 extremi
837 3589 1018 3630 sermonem
1035 3570 1096 3631 oris
1112 3570 1243 3631 haurire.
1275 3567 1414 3648 longono

148 3763 159 3812 1
179 3769 306 3828 potentem
327 3762 476 3817 deteriores
494 3761 631 3817 nonnulli:
654 3765 781 3829 inpotenti}
871 3765 915 3813 sed
934 3762 1046 3816 induerit
1065 3761 1191 3816 Muretus
1282 3761 1375 3813 iaffe·

146 3854 218 3902 tentis
242 3852 335 3922 (prior
353 3855 365 3901 i
381 3854 408 3905 iu
428 3854 497 3919 ras.)
596 3852 612 3904 d
632 3853 706 3902 affixa
730 3852 823 3921 (prior
844 3852 899 3904 fin
918 3853 987 3918 raa)
1086 3852 1118 3903 10
1137 3854 1248 3901 amittere
1267 3849 1371 3919 Neara:

146 3942 241 3991 mittere
255 3943 351 4012 (supra
365 3960 389 3990 m
402 3940 528 3995 esteuel
540 3959 554 3990 a
569 3940 667 4006 deleta)
747 3941 774 3992 lb
795 3942 935 4006 composita
1007 3943 1122 4006 aliosq;r÷
1203 3940 1234 3992 lt
1247 3942 1374 4008 *fraternae

146 4031 216 4080 niniis
230 4029 396 4084 deteriorum
408 4046 480 4084 unus
493 4037 519 4083 ct
532 4029 616 4084 alter:
637 4033 743 4079 fraterna
756 4031 829 4079 nimis
842 4027 904 4099 (sed
915 4036 977 4083 ante
990 4032 1063 4079 nimis
1076 4028 1181 4098 aliquid
1194 4028 1320 4093 deletum)

146 4119 178 4172 22
197 4122 270 4185 signa
288 4122 403 4169 Romana
423 4122 509 4170 fixerat
528 4110 670 4173 Muretus:
692 4120 787 4184 signum
807 4121 914 4169 Romani
935 4121 1048 4171 fixerunt,
1136 4116 1169 4171 Ξῖ.)
1189 4119 1372 4182 prosequentiln

148 4208 274 4278 (praeter
293 4210 337 4268 tib;
359 4209 386 4262 in
405 4210 474 4276 ras.)
585 4208 619 4260 26
645 4209 781 4274 pr0·R·P·
885 4208 919 4260 Ξῖ
938 4190 1092 4273 princiattqi
1113 4209 1149 4274 (q;
1171 4207 1198 4258 in
1218 4211 1312 4271 rant
1397 4265 1400 4271 ,

122 4310 320 4416 '28municipiis
428 4352 462 4405 30
487 4353 573 4402 ultima
598 4351 749 4406 deteriores
773 4349 887 4421 aliquot:
914 4353 1008 4400 utinam
1034 4350 1094 4418 (sed
1118 4368 1133 4400 u
1158 4351 1184 4402 iu
1209 4350 1277 4414 rur.)

146 4446 271 4506 gratumq;
282 4457 298 4489 s
