3046 5092
283 327 362 371 DlAL.
373 327 402 369 X.
431 328 473 368 Ab
489 327 644 369 PAVLlNVM
660 329 699 369 DE
715 331 997 374 BREVITATE‘VITAE.
1026 336 1059 377 13.
1075 336 1108 375 14.
1241 339 1303 400 237

14 484 29 537 7
62 481 145 534 est:
181 474 301 552 ingenti
332 472 417 535 mole
440 475 620 536 animalium
644 484 835 537 exterantur.
881 477 977 539 satius
1000 486 1068 540 erat
1091 479 1150 539 ista
1172 478 1203 538 in
1227 476 1304 538 obli·-

61 581 208 641 uionem
231 581 284 654 ire,
306 600 347 642 ne
370 583 438 662 quis
462 591 575 664 postea
597 591 712 663 potens
733 584 867 644 disceret
887 585 1102 664 inuideretque
1118 585 1162 645 rei
1178 585 1306 645 minime

59 685 246 749 humanae.
306 708 327 748 o
362 697 514 769 quantum
551 688 688 769 caliginis
723 690 881 752 mentibus
916 679 1033 754 nostris
1063 690 1158 752 obicit
1189 711 1305 771 magna
1347 694 1351 701 '

60 792 228 855 felicitas!
269 793 320 856 ille
350 815 384 856 se
415 815 508 876 supra
539 816 643 857 rerum
675 805 819 858 naturam
840 817 920 858 -esse
950 806 1025 860 tunc
1053 799 1201 872 credidit,
1233 818 1305 859 cum

62 908 126 962 tot
161 900 349 963 miseromm
377 900 542 963 hominum
567 911 708 964 cateruas
731 903 790 964 sub
814 903 875 964 alio
899 904 987 966 caelo
1011 905 1091 966 natis
1113 904 1213 966 beluis
1237 903 1332 966 obi-r

68 1016 183 1083 ceret‚
217 1028 289 1071 cum
312 1006 430 1068 bellum
454 1010 534 1070 inter
557 1016 623 1069 tam
647 1009 783 1089 disparia
805 1009 950 1071 animalia
972 1011 1202 1086 committeret,
1234 1031 1306 1072 cum

69 1115 107 1175 in
133 1123 308 1196 conspectu
331 1114 440 1196 populi
463 1115 600 1176 Romani
624 1115 756 1176 multum
785 1117 943 1196 sanguinis
966 1115 1110 1179 funderet
1135 1137 1214 1179 mox
1237 1117 1307 1198 plus

72 1221 185 1302 ipsum
216 1219 348 1297 sundere
379 1229 563 1283 coacturus:
605 1230 637 1282 at
668 1222 752 1283 idem
783 1231 897 1303 postea
926 1222 1145 1286 Alexandrina
1176 1223 1307 1306 perfidia

75 1329 236 1409 deceptus
259 1327 369 1390 ultimo
394 1329 550 1409 mancipio
573 1328 842 1391 transfodiendum
866 1349 901 1391 se
916 1330 1068 1411 praebuit,
1091 1339 1159 1392 tum
1178 1333 1306 1393 demum

32 1433 241 1496 8intellecta
271 1435 353 1496 inani
383 1436 552 1496 iactatione
582 1436 779 1515 cognominis
809 1437 864 1497 sui.
925 1438 982 1498 sed
1014 1446 1048 1499 ut
1078 1437 1130 1500 illo
1162 1447 1307 1513 reuertar,
1325 1453 1347 1494 ιο

78 1543 165 1603 unde
190 1542 320 1616 decessi,
344 1550 377 1603 et
399 1543 430 1603 in
452 1543 566 1603 eadem
591 1544 722 1604 materia
742 1543 911 1604 ostendam
927 1564 1154 1625 supemacuam
1170 1566 1306 1627 quorun·
1358 1620 1360 1624 ι

80 1650 156 1710 dam
188 1647 401 1728 diligentiam:
435 1649 520 1709 idem
544 1648 693 1710 narrabat
716 1648 879 1710 Metellum
904 1650 992 1711 uictis
1015 1651 1046 1711 in
1069 1649 1173 1713 Sicilia
1195 1652 1308 1712 Poenis

80 1754 330 1837 triumphantem
354 1775 450 1816 unum
475 1756 615 1816 omnium
636 1756 856 1816 Romanorum
880 1765 953 1818 ante
977 1777 1100 1818 currum
1125 1765 1251 1819 centum
1276 1766 1308 1819 et

82 1861 191 1942 uiginti
219 1861 361 1942 captiuos
385 1860 571 1943 elephantos
594 1861 730 1922 duxisse.
776 1860 896 1923 Sullam
920 1861 1064 1924 ultimum
1088 1863 1308 1925 Romanorum

82 1967 251 2048 protulisse
274 1969 466 2049 pomerium,
490 1970 577 2049 quod
601 1988 773 2049 numquam
797 1968 993 2049 prouinciali,
1016 1972 1074 2031 sed
1097 1970 1205 2031 Italico
1229 1991 1307 2051 agro
1324 1987 1349 2027 u

82 2076 240 2157 adquisito
276 2073 415 2157 prolerre
451 2077 547 2137 moris
581 2076 666 2156 apud
703 2076 849 2156 antiquos
880 2074 943 2138 tuit.
1005 2076 1067 2138 hoc
1098 2078 1176 2138 scire
1208 2079 1309 2158 magis

82 2183 232 2262 prodest,
262 2201 358 2262 quam
382 2181 577 2243 Auentinum
610 2190 753 2243 montem
778 2191 869 2244 extra
892 2184 1069 2264 pomerium
1093 2203 1178 2259 esse,
1202 2193 1236 2245 ut
1259 2184 1309 2245 ille

83 2287 290 2363 adfirmabat,
314 2298 445 2369 propter
468 2287 599 2350 alteram
623 2309 665 2349 ex
690 2288 813 2349 duabus
836 2292 946 2365 causis,
970 2300 1023 2352 aut
1046 2292 1133 2371 quod
1156 2290 1247 2372 plebs
1270 2311 1309 2352 eo

84 2396 281 2468 secessisset,
313 2404 366 2457 aut
397 2397 485 2477 quod
516 2395 621 2457 Remo
652 2396 834 2476 auspicante
865 2395 918 2457 illo
950 2396 1022 2459 loco
1054 2418 1130 2459 aues
1160 2418 1225 2458 non
1255 2397 1308 2458 ad-

52 2507 66 2559 9
85 2503 248 2576 dixissent,
272 2501 331 2563 alia
352 2503 500 2582 deinceps
515 2500 758 2576 innumerabilia,
782 2523 863 2583 quae
879 2511 932 2564 aut
948 2505 1035 2583 paria
1050 2512 1123 2565 sunt
1139 2505 1310 2565 mendaciis
1324 2519 1350 2560 n

83 2619 138 2671 aut
162 2607 293 2669 similia?
331 2627 405 2669 nam
428 2616 463 2669 ut
486 2608 643 2668 concedas
668 2608 774 2669 omnia
797 2628 853 2669 eos
876 2607 939 2671 fide
962 2608 1048 2670 bona
1072 2610 1187 2683 dicere,
1211 2618 1245 2670 ut
1269 2611 1310 2670 ad

83 2717 334 2798 praestationem
365 2714 522 2775 scribant:
556 2722 664 2775 tamen
688 2715 772 2775 cuius
796 2714 855 2774 ista
878 2735 999 2776 errores
1024 2716 1185 2777 minuent?
1225 2717 1310 2777 cuius

84 2823 274 2904 cupiditates
309 2823 474 2902 prement?
528 2833 624 2900 quem
656 2819 836 2894 fortiorem,
874 2842 968 2902 quem
999 2823 1176 2896 iustiorem,
1215 2843 1310 2903 quem

83 2929 296 2993 liberaliorem
327 2926 460 2990 sacient?
500 2927 644 2988 dubitare
676 2948 710 2989 se
738 2928 861 2988 interim
885 2928 1043 2989 Fabianus
1067 2938 1175 2990 noster
1197 2929 1309 3003 aiebat,

84 3058 126 3099 an
150 3037 246 3098 satius
270 3044 353 3097 esset
377 3033 466 3095 nullis
489 3035 598 3095 studiis
622 3035 785 3096 admoueri
807 3055 903 3114 quam
927 3035 974 3096 his
998 3034 1143 3115 inplicari.
1324 3053 1350 3093 25

47 3149 61 3200 1
176 3142 264 3204 XlV.
302 3140 369 3204 Soli
398 3142 539 3202 omnium
571 3141 665 3202 otiosi
695 3151 767 3203 sunt
796 3142 849 3222 qui
880 3142 1051 3222 sapientiae
1081 3150 1212 3202 uacant:
1253 3141 1311 3202 soli

84 3252 203 3313 uiuunt.
264 3269 324 3311 nec
358 3249 440 3310 enim
474 3268 562 3308 suam
593 3256 716 3309 tantum
749 3256 886 3310 aetatem
917 3247 1000 3309 bene
1030 3256 1174 3310 tuentur:
1212 3260 1312 3310 omne

83 3378 201 3420 aeuum
225 3376 283 3419 suo
306 3356 451 3417 adiciunt.
497 3355 649 3436 quidquid
672 3375 826 3416 annorum
850 3364 924 3416 ante
948 3355 1016 3415 illos
1040 3364 1147 3416 actum
1171 3364 1232 3430 est,
1255 3355 1311 3416 illis

83 3464 277 3545 adquisitum
303 3471 366 3540 est.
419 3463 476 3523 nisi
507 3462 706 3539 ingratissimi
737 3482 859 3536 sumus,
890 3460 931 3523 illi
962 3462 1122 3523 clarissimi
1152 3482 1311 3523 sacrarum

84 3731 101 3783 7
127 3731 206 3782 .P.R.
316 3727 332 3779 9
358 3727 586 3778 transfodiendos
696 3726 727 3777 11
755 3728 900 3786 decessiet
920 3728 955 3791 (et
973 3727 1056 3793 corr.)
1150 3725 1182 3778 12
1208 3724 1312 3776 insicilia

1099 3816 1218 3880 puinciali

83 3890 124 3957 (iet
144 3889 215 3955 ras.)
235 3890 304 3954 penis
402 3887 434 3939 14
459 3888 523 3952 sylla}
541 3888 630 3938 ultimsr
650 3886 722 3955 (timu
744 3885 770 3939 eit
790 3886 858 3951 ras.)
958 3886 991 3938 15
1015 3903 1146 3952 numquam
1166 3888 1209 3936 sed
1228 3887 1311 3935 italico

196 3977 229 4032 16
256 3979 288 4026 ad
306 3978 395 4042 quisito
414 3979 459 4043 (ito
478 3976 504 4028 in
524 3977 591 4042 rus.)
700 3977 776 4025 moris
795 3960 831 4038 (in
850 3975 878 4028 in
897 3978 965 4037 ras.)
986 3977 1052 4040 apud
1071 3976 1097 4038 (d
1116 3975 1199 4040 corr.)

85 4122 120 4175 17
146 4122 303 4187 pomoerium
328 4118 391 4172 olim
414 4133 500 4171 corn:
525 4120 667 4183 pdinpeiirm
760 4117 792 4170 18
818 4063 966 4181 adfirmabat
1063 4116 1096 4169 ‘20
1121 4133 1167 4180 que
1186 4115 1224 4181 (in
1243 4116 1311 4183 rar.)

212 4211 282 4275 paria
309 4207 413 4261 Hense:
440 4209 501 4256 sana
633 4207 876 4276 interpunctionem
901 4207 982 4259 totius
1006 4205 1138 4258 enuntiati
1159 4203 1313 4257 emendavit

84 4299 179 4355 Gertz.
199 4296 284 4366 uulqo
303 4298 458 4348 addixissent.
478 4297 536 4346 Alia
549 4333 570 4348 ··
590 4297 687 4347 similia.
779 4295 810 4346 21
831 4311 873 4344 eos
893 4296 931 4359 (os
949 4294 977 4345 in
997 4294 1064 4359 ras.)
1167 4293 1201 4346 22
1220 4305 1333 4359 presta,

363 4398 425 4425 culus

81 4447 179 4495 tionem
271 4442 385 4492 minuent.
406 4441 552 4505 cupiditates
648 4437 682 4490 28
707 4445 767 4490 euti,
816 4419 823 4433 .
851 4435 885 4488 29
910 4435 1058 4501 a'cquesitum
1078 4438 1102 4500 (c
1120 4436 1204 4503 corr.)
