3046 5092
158 341 217 399 110
519 336 597 378 DIAL.
613 337 639 379 V.
669 336 709 376 DE
723 337 774 376 IRA
791 337 845 378 LlB.
862 336 902 379 lll.
931 340 1013 380 imi).

153 502 272 564 parare,
296 482 435 543 inimicos
459 482 617 564 mitigare,
641 484 868 564 rempublicam
892 484 1127 560 administrare,
1158 485 1330 548 transferre
1352 487 1383 548 in

153 609 203 650 res
234 589 424 651 domesticas
452 609 598 671 operam,
629 610 725 670 quam
757 591 1011 672 circumspicere,
1050 591 1123 672 quid
1157 590 1247 654 alicui
1279 591 1384 655 facere

152 696 254 777 possis
285 694 373 770 mali,
405 697 492 778 quod
523 705 577 758 aut
609 697 752 777 dignitati
784 697 848 758 eius
880 706 933 760 aut
963 698 1154 778 patrimonio
1177 708 1232 761 aut
1256 682 1405 782 corpori'

154 798 265 864 uolnus
293 802 430 883 infligas,
462 822 534 864 cum
557 803 589 865 id
613 803 668 864 tibi
692 804 875 885 contingere
898 804 964 866 sine
987 806 1158 866 certamine
1181 827 1219 868 ac
1241 805 1384 887 periculo

127 928 218 970 snon
240 910 350 991 possit,
373 911 496 971 etiamsi
519 931 590 972 cum
614 907 758 972 inferiore
781 930 956 974 concurses,
995 912 1137 974 uinctum
1158 910 1231 975 licet
1247 914 1383 995 accipias
1403 925 1427 975 ἒ

153 1017 250 1078 etad
274 1016 436 1078 arbitrium
460 1026 549 1079 tuum
573 1018 660 1078 omni
682 1017 851 1099 patientiae
875 1017 1078 1100 expositum:
1105 1038 1201 1101 saepe
1224 1021 1322 1082 nimia
1337 1021 1383 1082 uis

154 1124 390 1217 caedentisoaut
414 1118 588 1186 articulum'
600 1122 673 1185 loco
698 1124 797 1185 mouit
818 1132 872 1185 aut
888 1145 1020 1186 neruum
1036 1125 1067 1186 in
1082 1125 1130 1186 his
1146 1147 1227 1207 quos
1244 1125 1384 1207 fregerat

153 1231 299 1292 dentibus
338 1229 415 1292 fixit.
469 1229 587 1294 multos
624 1230 783 1316 iracundia
814 1249 961 1305 mancoS,
1000 1230 1118 1294 multos
1148 1230 1269 1294 debiles
1301 1233 1383 1309 fecit,

154 1337 248 1398 etiam
280 1338 333 1399 ubi
362 1337 536 1419 patientem
566 1346 681 1399 nancta
717 1344 764 1399 est
801 1337 973 1398 materiam.
1028 1337 1117 1399 adice
1155 1359 1255 1415 nunc,
1293 1342 1383 1421 quod

117 1459 140 1499 ru
154 1443 228 1505 nihil
251 1452 317 1504 tam
341 1441 482 1506 inbecille
514 1451 622 1505 natum
654 1452 718 1518 est,
739 1453 791 1524 ,ut
821 1443 887 1505 sine
918 1444 1061 1506 elidentis
1093 1444 1232 1526 periculo
1264 1457 1382 1528 pereat.

154 1549 315 1612 inbecillos
347 1550 562 1612 ualentissimis
594 1549 669 1612 alias
702 1548 810 1624 dolor,
850 1550 924 1612 alias
956 1570 1045 1613 casus
1076 1560 1243 1632 exaequat.
1298 1555 1381 1636 quid,
1415 1590 1427 1612 —.

154 1658 241 1738 quod
279 1656 428 1738 pleraque
467 1677 593 1732 eorum,
631 1666 761 1738 propter
791 1677 873 1738 quae
910 1657 1105 1733 irascimur,
1125 1658 1293 1722 offendunt
1324 1682 1383 1724 nos

154 1765 255 1844 magis
293 1785 389 1845 quam
428 1762 578 1826 laedunt?
625 1762 758 1824 multum
798 1771 905 1825 autem
944 1764 1088 1839 interest,
1128 1774 1233 1829 utrum
1274 1766 1382 1850 aliquis

154 1872 308 1933 uoluntati
343 1891 434 1933 meae
467 1879 575 1952 opstet
606 1891 645 1931 an
678 1870 774 1945 desit,
812 1871 921 1953 eripiat
953 1891 993 1932 an
1024 1892 1089 1934 non
1121 1873 1184 1935 det.
1235 1875 1323 1954 atqui
1353 1874 1383 1936 in

117 1993 140 2032 ¹⁵
154 1998 257 2060 aequo
296 1979 458 2059 ponimus,
496 1987 601 2040 utrum
638 1976 746 2058 aliquis
782 1975 902 2038 auferat
932 1997 972 2038 an
1003 1987 1114 2059 neget,
1155 1989 1260 2041 utrum
1292 2001 1383 2062 spem

154 2094 296 2147 nostram
327 2085 488 2166 praecidat
518 2105 558 2146 an
590 2082 730 2158 differat,
760 2092 864 2145 utrum
897 2092 1007 2146 contra
1037 2105 1096 2147 nos
1123 2084 1220 2157 ¹saciat
1240 2106 1293 2148 an
1324 2108 1381 2169 pro

154 2211 204 2266 se,
236 2211 346 2253 amore
383 2190 508 2253 alterius
547 2211 588 2252 an
626 2191 701 2252 odio
739 2191 847 2252 nostri.
892 2190 1022 2281 quidam
1053 2212 1129 2253 uero
1161 2212 1225 2254 non
1257 2195 1408 2256 tantuml

154 2299 250 2360 iustas
274 2318 382 2360 causas
406 2299 509 2360 standi
533 2306 644 2360 contra
666 2316 733 2376 noS,
757 2298 815 2358 sed
839 2297 933 2358 etiam
957 2297 1107 2360 honestas
1130 2294 1272 2364 habenti
1307 2300 1381 2362 alius

154 2412 278 2487 patrem
310 2413 429 2479 tuetur,
462 2403 538 2466 alius
568 2403 713 2478 fratrem,
745 2403 822 2465 alius
852 2404 1002 2484 patriam,
1033 2404 1110 2466 alius
1141 2406 1287 2468 amicum.
1337 2405 1381 2469 his

115 2524 140 2564 20
154 2519 263 2573 tamen
286 2532 350 2573 non
374 2511 565 2591 ignoscimus
588 2510 620 2573 id
643 2509 836 2584 iacientibus,
861 2510 948 2590 quod
971 2511 1034 2572 nisi
1052 2511 1199 2587 facerent,
1221 2512 1380 2594 improba-

155 2639 268 2693 remus,
289 2620 396 2692 immo,
414 2618 501 2699 quod
517 2627 565 2679 est
581 2617 770 2691 incredibile,
786 2637 882 2698 saepe
898 2619 939 2678 de
954 2615 1039 2680 facto
1055 2617 1138 2679 bene
1154 2618 1381 2695 existimamus

154 2724 195 2786 de
218 2724 350 2787 faciente
373 2724 464 2787 male.
503 2733 536 2786 at
560 2743 612 2785 me
634 2723 776 2785 hercules
800 2724 845 2785 uir
861 2743 995 2804 magnus
1011 2743 1048 2786 ac
1063 2724 1161 2787 iustus
1177 2723 1409 2788 fortissimumss

154 2850 313 2913 quemque
344 2851 386 2892 ex
417 2830 561 2910 hostibus
593 2831 654 2891 suis
678 2838 711 2891 et
733 2826 792 2911 pro
815 2814 969 2892 libertate
984 2850 1021 2892 ac
1044 2830 1145 2894 salute
1168 2832 1290 2913 patriae
1313 2853 1381 2914 per-

154 2939 377 3000 tinacissimum
401 2939 528 3020 suspicit
552 2946 584 2999 et
607 2936 703 2999 talem
727 2936 784 2998 sibi
801 2937 912 3011 ciuem,
936 2935 1033 2999 talem
1049 2938 1181 3001 militem
1198 2939 1383 3021 contingere

115 3058 140 3098 2⁵
155 3054 255 3126 optat.
721 3039 725 3046 ’
1323 3102 1326 3107 .

243 3151 361 3213 ΧΧΙΧ.
399 3151 507 3232 Turpe
536 3160 584 3212 est
607 3150 713 3211 odisse
735 3170 831 3230 quem
855 3149 983 3212 laudes:
1018 3158 1137 3232 quanto
1151 3171 1239 3225 ,uero
1264 3154 1413 3234 turpiusl

155 3258 198 3320 ob
230 3257 427 3339 idaliquem
459 3258 580 3332 odisse,
612 3265 743 3338 propter
766 3258 854 3338 quod
877 3257 1090 3319 misericordia
1112 3258 1226 3338 dignus
1251 3262 1322 3321 est?
1360 3261 1385 3321 si

155 3364 297 3445 captiuus
328 3364 359 3424 in
390 3364 573 3425 seruitutem
605 3362 709 3426 subito
742 3364 909 3445 depressus
940 3362 1082 3444 reliquias
1112 3362 1266 3426 libertatis
1297 3373 1386 3428 tenet

155 3490 213 3532 nec
243 3472 285 3532 ad
316 3471 445 3532 sordida
476 3490 513 3533 ac
535 3470 693 3532 laboriosa
717 3471 886 3532 ministeria
909 3469 996 3551 agilis
1020 3471 1169 3545 occurrit,
1201 3471 1227 3532 si
1251 3490 1294 3532 ex
1318 3472 1384 3534 otio

115 3588 141 3629 ³⁰
154 3578 245 3659 piger
275 3597 391 3658 equum
422 3576 663 3658 uehiculumque
696 3577 815 3638 domini
846 3598 935 3639 cursu
964 3597 1028 3639 non
1052 3584 1225 3657 exaequat,
1257 3578 1283 3639 si
1307 3579 1386 3640 inter

156 3684 313 3745 cotidiana
336 3683 497 3767 peruigilia
520 3685 637 3746 sessum
661 3703 791 3744 somnus
814 3684 986 3766 oppressit,
1017 3685 1043 3745 si
1066 3684 1215 3746 rusticum
1238 3683 1385 3747 laborem

156 3798 279 3852 recusat
310 3799 364 3852 aut
391 3812 455 3852 non
485 3790 607 3852 sortiter
638 3790 706 3851 obit
729 3810 748 3851 a
770 3792 920 3851 seruitute
952 3791 1073 3852 urbana
1096 3798 1127 3851 et
1150 3788 1262 3852 feriata
1284 3799 1384 3853 trans-

156 3896 237 3959 latus
268 3899 310 3959 ad
338 3899 451 3960 durum
480 3918 578 3979 opus:
614 3897 849 3976 distinguamus,
873 3905 978 3958 utrum
1002 3895 1110 3979 aliquis
1133 3917 1197 3959 non
1220 3897 1324 3979 possit
1346 3906 1415 3960 ane

156 4003 251 4066 nolit:
279 4002 396 4067 multos
419 4004 630 4079 absoluemus,
654 4004 678 4064 si
702 4004 898 4085 coeperimus
922 4012 994 4065 ante
1018 4003 1155 4066 iudicare
1174 4024 1273 4085 quam
1289 4003 1385 4075 irasci

1138 4168 1147 4199 t
1316 4169 1326 4201 t

157 4233 277 4285 lluuluus
369 4228 493 4306 9napcta
603 4232 636 4284 lt
661 4234 741 4284 obstet
768 4234 794 4299 (b
820 4248 858 4286 on:
883 4233 1002 4298 pcor‘r.)
1114 4215 1167 4298 adq
1239 4230 1275 4286 22
1294 4216 1329 4298 aql
1346 4248 1383 4282 mc

158 4349 268 4399 hercules
364 4349 398 4402 26
423 4355 475 4400 esto
495 4351 632 4414 dissequem
729 4347 763 4400 27
782 4333 859 4422 mlum
956 4345 991 4399 30
1015 4363 1103 4414 equum
1122 4347 1158 4415 (m
1174 4345 1205 4400 iu
1221 4348 1292 4417 ros.)

116 4445 192 4499 '31
213 4448 351 4500 cottidiana
441 4448 475 4500 32
494 4449 548 4496 obit
567 4443 626 4500 llll:
648 4446 711 4494 obiit
819 4446 853 4499 34
872 4446 1008 4512 ceperimus
