3060 5078
547 108 627 151 Dlnt..
642 108 682 150 Ill.
712 108 752 149 DE
767 108 819 148 mn
834 107 888 149 LlB.
904 107 922 148 1.
944 108 976 150 ru.
1328 111 1371 172 49

116 264 131 315 1
242 254 329 317 XVI.
360 254 450 336 Ergo
480 255 522 316 ad
546 253 766 316 coercitionem
791 252 960 315 errantium
983 251 1272 334 sceleratorumque
1295 251 1376 314 irato

151 361 343 443 castigatore
374 379 438 422 non
469 380 550 442 opus
573 368 629 422 est
675 379 749 422 nam
774 378 845 421 cum
868 358 913 420 ira
936 357 1086 421 delictum
1109 358 1204 421 animi
1227 359 1280 434 sit,
1310 376 1376 419 non

150 477 281 551 oportet
315 474 447 550 peccata
482 466 640 547 corrigere
669 473 864 547 peccantem.
916 464 992 545 quid
1023 467 1122 546 ergo?
1165 484 1229 526 non
1262 464 1376 526 irascar

149 573 285 638 latroni?
316 573 392 655 quid
415 576 511 659 ergo?
544 592 608 634 non
630 572 744 634 irascar
768 569 929 634 uenefico?
959 590 1032 633 non
1072 571 1282 654 nequeenim
1299 569 1375 632 mihi

149 683 279 757 irascor,
311 701 383 743 cum
414 679 600 760 sanguinem
624 679 726 742 mitto.
772 697 869 741 omne
891 697 1014 760 poenae
1038 697 1137 759 genus
1160 677 1280 739 remedi
1303 675 1402 739 locor

114 789 320 850 tadmoueo.
367 795 402 849 tu
425 785 528 848 adhuc
551 785 582 846 in
597 786 698 867 prima
721 795 812 869 parte
835 784 969 847 uersaris
992 804 1135 847 errorum
1158 803 1217 846 nec
1240 783 1377 865 grauiter

150 893 264 956 laberis
302 895 360 956 sed
391 891 588 974 frequenter:
638 892 817 973 obiurgatio
848 900 898 966 te,
934 891 1072 973 primum
1102 898 1226 954 secreta
1261 890 1377 952 deinde

150 999 284 1084 publica,
307 1000 478 1062 emendare
499 999 679 1080 temptabit.
714 1008 748 1061 tu
771 997 895 1079 longius
918 997 981 1060 iam
1004 997 1199 1079 processisti,
1223 1016 1318 1078 quam
1342 1004 1377 1057 ut

149 1105 251 1188 possis
274 1104 378 1168 uerbis
407 1105 527 1168 sanari:
568 1105 740 1186 ignominia
770 1102 988 1167 contineberis.
1033 1102 1090 1166 tibi
1118 1101 1229 1165 fortius
1260 1102 1376 1183 aliquid

151 1221 181 1274 et
204 1213 292 1294 quod
315 1210 432 1273 sentias
455 1211 641 1274 inurendum
666 1219 733 1273 est:
766 1211 798 1272 in
821 1209 949 1272 exilium
973 1218 1005 1271 et
1020 1208 1093 1272 loca
1107 1186 1218 1290 ignbta
1233 1209 1373 1272 mitteris.
1390 1237 1415 1278 n

150 1318 180 1380 in
210 1328 243 1381 te
274 1318 400 1380 duriora
430 1317 572 1379 remedia
601 1317 663 1379 iam
694 1316 795 1379 solida
817 1316 955 1397 nequitia
977 1315 1156 1378 desiderat:
1199 1324 1231 1378 et
1254 1314 1376 1377 uincula

113 1424 274 1507 apublica
296 1433 329 1487 et
352 1443 457 1486 carcer
479 1423 687 1486 adhibebitur.
726 1422 783 1486 tibi
805 1421 984 1485 insanabilis
1006 1423 1128 1484 animus
1152 1430 1184 1484 et
1207 1420 1376 1484 sceleribus

151 1530 268 1594 scelera
297 1539 488 1604 contexens,
520 1538 552 1592 et
582 1530 644 1592 iam
676 1549 740 1591 non
763 1529 876 1604 causis,
907 1549 989 1611 quae
1013 1548 1186 1609 numquam
1210 1527 1295 1590 malo
1319 1529 1374 1590 de-

151 1635 270 1700 futurae
300 1646 385 1713 sunt,
415 1635 583 1718 inpellens,
614 1637 671 1699 sed
704 1635 779 1698 satis
809 1635 865 1698 tibi
896 1644 945 1697 est
973 1654 1090 1716 magna
1113 1636 1155 1697 ad
1177 1635 1375 1717 peccandum

151 1762 243 1806 causa
265 1762 410 1825 peccare,
432 1742 596 1824 perbibisti
619 1742 790 1823 nequitiam
812 1750 845 1804 et
868 1742 912 1804 ita
934 1741 1106 1804 uisceribus
1128 1740 1318 1816 inmiscuisti,
1341 1751 1375 1804 ut
1390 1761 1415 1802 15

151 1851 203 1913 nisi
234 1868 307 1911 cum
338 1848 411 1932 ipsis
442 1849 530 1911 exire
559 1868 624 1910 non
647 1848 762 1930 possit:
805 1847 880 1910 olim
903 1848 998 1910 miser
1021 1846 1102 1909 mori
1125 1846 1262 1928 quaeris,
1292 1846 1375 1910 bene
1417 1896 1420 1905 .

154 1957 192 2018 de
221 1964 256 2017 te
286 1954 490 2030 merebimur,
520 1951 697 2017 auferemus
727 1954 783 2016 tibi
813 1955 906 2017 istam
935 1973 998 2034 qua
1020 1954 1145 2016 uexaris
1167 1953 1319 2016 insaniam
1342 1963 1375 2016 et

150 2083 203 2145 per
234 2071 288 2123 tua
319 2060 480 2140 alienaque
511 2059 654 2123 uolutato
684 2060 835 2144 supplicia
865 2060 899 2121 id
929 2061 1018 2141 quod
1049 2080 1145 2122 unum
1173 2060 1229 2122 tibi
1252 2060 1374 2123 bonum

151 2176 293 2251 superest
316 2165 628 2248 repraesentabimus,
652 2175 797 2229 mortem.
828 2186 925 2247 quare
948 2168 1062 2229 irascar
1081 2166 1218 2229 cuicum
1234 2168 1374 2230 maxime

116 2276 308 2356 lprosum?u
337 2272 460 2334 interim
491 2271 647 2353 optimum
678 2272 910 2335 misericordiae
941 2291 1041 2354 genus
1069 2281 1118 2335 est
1148 2273 1301 2336 occidere.
1347 2275 1373 2336 si
1387 2288 1413 2331 ao

146 2380 310 2443 intrassem
342 2377 600 2440 ualetudinarium
631 2380 790 2441 exercitus
826 2388 860 2441 ut
896 2378 997 2442 sciens
1027 2387 1082 2441 aut
1115 2380 1229 2441 domus
1261 2379 1373 2456 diuitis,

145 2505 207 2548 non
230 2487 316 2548 idem
339 2484 544 2566 imperassem
567 2485 714 2547 omnibus
736 2506 793 2568 per
817 2485 942 2548 diuersa
956 2485 1202 2567 aegrotantibus.
1241 2488 1328 2549 uaria
1342 2486 1373 2549 in

145 2600 192 2654 tot
223 2591 335 2654 animis
364 2591 439 2653 uitia
469 2590 563 2654 uideo
594 2600 627 2654 et
655 2592 773 2655 ciuitati
803 2593 961 2657 curandae
992 2590 1151 2655 adhibitus
1182 2612 1271 2655 sum:
1312 2613 1373 2675 pro
1447 2642 1452 2647 .

145 2698 294 2779 cuiusque
316 2697 431 2758 morbo
454 2696 611 2759 medicina
633 2708 809 2779 quaeratur.
856 2697 941 2760 hunc
962 2709 1052 2762 sanet
1068 2699 1266 2774 uerecundia,
1289 2697 1373 2761 hunc

113 2802 362 2886 §peregrinatio
386 2801 469 2864 hunc
492 2802 593 2880 dolor,
616 2802 700 2866 hunc
723 2813 858 2885 egestas,
882 2802 965 2867 hunc
990 2803 1115 2867 serrum.
1161 2807 1266 2885 itaque
1290 2813 1323 2867 et
1345 2805 1371 2866 si
1385 2810 1412 2853 ²⁵

143 2928 292 2991 peruersa
314 2909 473 2971 induenda
495 2909 692 2990 magistratui
715 2911 810 2973 uestis
833 2920 866 2974 et
889 2911 1097 2973 conuocanda
1118 2909 1248 2973 classico
1264 2911 1372 2973 contio

141 3025 205 3090 est,
241 3016 413 3097 procedam
436 3015 467 3076 in
490 3014 626 3077 tribunal
648 3035 714 3078 non
736 3015 842 3079 furens
865 3037 923 3080 nec
946 3015 1076 3080 infestus
1099 3018 1157 3080 sed
1180 3016 1268 3080 uoltu
1292 3016 1371 3097 legis

141 3129 174 3184 et
210 3120 262 3182 illa
291 3120 456 3183 sollemnia
486 3121 584 3183 uerba
614 3120 675 3184 leni
706 3124 808 3204 magis
838 3124 990 3205 grauique
1021 3143 1118 3205 quam
1149 3124 1260 3187 rabida
1291 3143 1371 3192 uoce

140 3227 317 3309 concipiam
341 3235 373 3289 et
396 3227 448 3307 agi
470 3226 587 3290 iubebo
611 3247 676 3290 non
699 3229 794 3292 iratus
817 3230 876 3296 sed
899 3249 1036 3292 seuerus.
1076 3238 1195 3292 etcum
1214 3230 1369 3293 ceruicem

225 3489 370 3556 luenetico
396 3491 421 3558 (o
441 3505 479 3545 ecc
498 3493 505 3540 i
525 3490 609 3557 corr.)
695 3491 794 3557 5p5ne
879 3470 981 3552 remedii
1076 3492 1091 3546 6
1111 3499 1135 3543 tu
1155 3491 1192 3558 (ἐκ
1211 3495 1279 3561 ras.)

139 3580 277 3644 &publica
296 3574 458 3632 Pincianus:
479 3580 606 3645 publicata
722 3580 752 3634 12
772 3581 930 3632 adhibebitur
949 3579 1003 3634 El:
1025 3583 1156 3633 adhibetur
1269 3583 1302 3636 17
1320 3599 1368 3647 qua

138 3668 236 3717 uexari:
255 3664 418 3720 deteriores:
438 3671 490 3733 qus:
507 3684 581 3718 uexas
600 3669 695 3719 uexaris
779 3667 812 3722 18
831 3669 940 3720 uolutato
959 3669 1145 3740 nescioquis:
1165 3673 1291 3737 uoluptate

140 3754 174 3808 21
195 3757 312 3806 exercitus
329 3757 408 3806 sciens
432 3757 467 3824 (ut
485 3757 564 3807 sciens
582 3753 708 3826 Madut'q)
733 3765 773 3807 aut
797 3759 892 3808 domini
916 3760 998 3808 diuitis
1019 3755 1155 3813 Goerenz:
1183 3762 1326 3811 exercitatus
1345 3768 1368 3810 et

138 3845 220 3894 sciens
239 3851 278 3893 aur
297 3845 384 3894 domus
403 3845 485 3895 diuitis
503 3843 564 3899 eod.
583 3846 679 3895 domini
698 3846 883 3900 necessarium
902 3862 956 3901 non
979 3846 1089 3902 :ridetur
1108 3849 1160 3902 etsi
1182 3847 1370 3902 commendari

138 3930 268 3986 uideatur
290 3930 370 4002 Verq.
390 3933 458 3988 Aen.
481 3935 521 3996 12,
541 3935 593 3986 473
612 3935 683 3998 nigra
702 3935 766 3985 uelut
794 3952 899 4000 magnas
923 3937 1018 3986 domini
1044 3953 1099 3988 cum
1119 3938 1200 3986 diuitis
1220 3938 1293 3987 aedes
1312 3953 1367 4001 per·

138 4021 228 4075 uolat.
242 4021 367 4074 ,hirundo
440 4020 473 4074 27
492 4023 557 4072 uultu
630 4018 790 4077 Pincianum
807 4023 979 4079 conicientem
993 4026 1059 4075 uoltu
1072 4027 1120 4076 leni
1140 4032 1163 4075 et
1176 4026 1218 4074 illa
1236 4026 1366 4075 sollemnia

138 4110 216 4160 uerba
240 4110 321 4173 magis
343 4110 413 4175 graui
435 4126 510 4176 quam
534 4111 623 4161 rabida
648 4109 781 4180 refutauit
804 4110 928 4182 lipsium,
954 4111 1026 4168 idem
1050 4129 1103 4166 non
1129 4113 1218 4166 motus
1242 4116 1284 4178 agi
1309 4115 1365 4177 (29)

138 4213 220 4266 quam
239 4198 294 4263 lege
312 4199 354 4263 agi
373 4195 429 4251 dici
447 4196 539 4264 docuit

1133 4291 1149 4343 l
