<?xml version="1.0" encoding="UTF-8"?>
<!DOCTYPE html PUBLIC "-//W3C//DTD XHTML 1.0 Transitional//EN"
    "http://www.w3.org/TR/xhtml1/DTD/xhtml1-transitional.dtd">
<html xmlns="http://www.w3.org/1999/xhtml" xml:lang="en" lang="en">
 <head>
  <title>
</title>
<meta http-equiv="Content-Type" content="text/html;charset=utf-8" />
  <meta name='ocr-system' content='tesseract 3.04.00' />
  <meta name='ocr-capabilities' content='ocr_page ocr_carea ocr_par ocr_line ocrx_word'/>
</head>
<body>
  <div class='ocr_page' id='page_1' title='image "./lannaeisenecaed00vahlgoog_0069.png"; bbox 0 0 3046 5092; ppageno 0'>
   <div class='ocr_carea' id='block_1_1' title="bbox 248 329 1186 397">
    <p class='ocr_par' dir='ltr' id='par_1_1' title="bbox 248 329 1186 397">
     <span class='ocr_line' id='line_1_1' title="bbox 248 329 1186 397; baseline 0.001 -28"><span class='ocrx_word' id='word_1_1' title='bbox 248 338 288 397; x_wconf 77' lang='lat'>30</span> <span class='ocrx_word' id='word_1_2' title='bbox 523 330 602 374; x_wconf 78' lang='lat' dir='ltr'>DIAL.</span> <span class='ocrx_word' id='word_1_3' title='bbox 614 330 642 369; x_wconf 91' lang='lat' dir='ltr'>ll.</span> <span class='ocrx_word' id='word_1_4' title='bbox 662 330 704 369; x_wconf 78' lang='lat' dir='ltr'>Ab</span> <span class='ocrx_word' id='word_1_5' title='bbox 726 330 866 370; x_wconf 85' lang='lat' dir='ltr'>SERENVM</span> <span class='ocrx_word' id='word_1_6' title='bbox 887 330 946 369; x_wconf 82' lang='lat' dir='ltr'>NEC</span> <span class='ocrx_word' id='word_1_7' title='bbox 966 329 1107 369; x_wconf 75' lang='lat' dir='ltr'>lNlVRlAM</span> <span class='ocrx_word' id='word_1_8' title='bbox 1127 329 1186 370; x_wconf 87' lang='lat' dir='ltr'>NEC</span> 
     </span>
    </p>
   </div>
   <div class='ocr_carea' id='block_1_2' title="bbox 183 475 1513 3539">
    <p class='ocr_par' dir='ltr' id='par_1_2' title="bbox 245 475 1500 876">
     <span class='ocr_line' id='line_1_2' title="bbox 335 475 1500 556; baseline -0.001 -20"><span class='ocrx_word' id='word_1_9' title='bbox 335 476 423 538; x_wconf 88' lang='lat' dir='ltr'>XIV.</span> <span class='ocrx_word' id='word_1_10' title='bbox 455 475 558 537; x_wconf 90' lang='lat' dir='ltr'>Tanta</span> <span class='ocrx_word' id='word_1_11' title='bbox 590 477 747 556; x_wconf 89' lang='lat' dir='ltr'>quosdam</span> <span class='ocrx_word' id='word_1_12' title='bbox 780 476 939 536; x_wconf 90' lang='lat' dir='ltr'>dementia</span> <span class='ocrx_word' id='word_1_13' title='bbox 969 484 1069 549; x_wconf 88' lang='lat' dir='ltr'>tenet,</span> <span class='ocrx_word' id='word_1_14' title='bbox 1102 486 1135 537; x_wconf 93' lang='lat' dir='ltr'>ut</span> <span class='ocrx_word' id='word_1_15' title='bbox 1166 475 1224 536; x_wconf 92' lang='lat' dir='ltr'>sibi</span> <span class='ocrx_word' id='word_1_16' title='bbox 1248 475 1500 537; x_wconf 86' lang='lat' dir='ltr'>contumeliamt</span> 
     </span>
     <span class='ocr_line' id='line_1_3' title="bbox 245 574 1472 662; baseline 0.001 -19"><span class='ocrx_word' id='word_1_17' title='bbox 245 582 311 644; x_wconf 87' lang='lat' dir='ltr'>fieri</span> <span class='ocrx_word' id='word_1_18' title='bbox 342 592 453 662; x_wconf 91' lang='lat' dir='ltr'>putent</span> <span class='ocrx_word' id='word_1_19' title='bbox 483 602 579 662; x_wconf 91' lang='lat' dir='ltr'>posse</span> <span class='ocrx_word' id='word_1_20' title='bbox 610 574 629 642; x_wconf 83' lang='lat' dir='ltr'>a</span> <span class='ocrx_word' id='word_1_21' title='bbox 661 583 795 643; x_wconf 89' lang='lat' dir='ltr'>muliere.</span> <span class='ocrx_word' id='word_1_22' title='bbox 850 582 925 661; x_wconf 92' lang='lat' dir='ltr'>quid</span> <span class='ocrx_word' id='word_1_23' title='bbox 958 581 1052 642; x_wconf 78' lang='lat' dir='ltr'>refert</span> <span class='ocrx_word' id='word_1_24' title='bbox 1082 603 1177 662; x_wconf 91' lang='lat' dir='ltr'>quam</span> <span class='ocrx_word' id='word_1_25' title='bbox 1209 582 1362 657; x_wconf 82' lang='lat' dir='ltr'>habeant,</span> <span class='ocrx_word' id='word_1_26' title='bbox 1394 592 1472 662; x_wconf 90' lang='lat' dir='ltr'>quot</span> 
     </span>
     <span class='ocr_line' id='line_1_4' title="bbox 246 688 1471 769; baseline 0.002 -20"><span class='ocrx_word' id='word_1_27' title='bbox 246 689 419 750; x_wconf 81' lang='lat' dir='ltr'>lecticarios</span> <span class='ocrx_word' id='word_1_28' title='bbox 449 688 635 763; x_wconf 85' lang='lat' dir='ltr'>habentem,</span> <span class='ocrx_word' id='word_1_29' title='bbox 666 710 762 768; x_wconf 91' lang='lat' dir='ltr'>quam</span> <span class='ocrx_word' id='word_1_30' title='bbox 787 699 934 750; x_wconf 87' lang='lat' dir='ltr'>oneratas</span> <span class='ocrx_word' id='word_1_31' title='bbox 957 709 1062 763; x_wconf 91' lang='lat' dir='ltr'>aures,</span> <span class='ocrx_word' id='word_1_32' title='bbox 1092 710 1187 769; x_wconf 87' lang='lat' dir='ltr'>quam</span> <span class='ocrx_word' id='word_1_33' title='bbox 1212 688 1319 751; x_wconf 86' lang='lat' dir='ltr'>laxam</span> <span class='ocrx_word' id='word_1_34' title='bbox 1338 688 1471 751; x_wconf 84' lang='lat' dir='ltr'>sellam?</span> 
     </span>
     <span class='ocr_line' id='line_1_5' title="bbox 247 795 1473 876; baseline -0.001 -19"><span class='ocrx_word' id='word_1_35' title='bbox 247 816 346 875; x_wconf 88' lang='lat' dir='ltr'>aeque</span> <span class='ocrx_word' id='word_1_36' title='bbox 385 795 554 876; x_wconf 89' lang='lat' dir='ltr'>inprudens</span> <span class='ocrx_word' id='word_1_37' title='bbox 592 796 706 858; x_wconf 90' lang='lat' dir='ltr'>animal</span> <span class='ocrx_word' id='word_1_38' title='bbox 739 805 787 857; x_wconf 88' lang='lat' dir='ltr'>est</span> <span class='ocrx_word' id='word_1_39' title='bbox 817 806 862 870; x_wconf 91' lang='lat' dir='ltr'>et,</span> <span class='ocrx_word' id='word_1_40' title='bbox 902 797 957 857; x_wconf 91' lang='lat' dir='ltr'>nisi</span> <span class='ocrx_word' id='word_1_41' title='bbox 988 797 1115 857; x_wconf 90' lang='lat' dir='ltr'>scientia</span> <span class='ocrx_word' id='word_1_42' title='bbox 1145 798 1276 858; x_wconf 89' lang='lat' dir='ltr'>accessit</span> <span class='ocrx_word' id='word_1_43' title='bbox 1305 812 1342 857; x_wconf 89' lang='lat' dir='ltr'>ac</span> <span class='ocrx_word' id='word_1_44' title='bbox 1373 795 1473 857; x_wconf 90' lang='lat' dir='ltr'>multa</span> 
     </span>
    </p>

    <p class='ocr_par' dir='ltr' id='par_1_3' title="bbox 207 902 1472 1303">
     <span class='ocr_line' id='line_1_6' title="bbox 207 902 1472 983; baseline 0.003 -23"><span class='ocrx_word' id='word_1_45' title='bbox 207 923 218 959; x_wconf 79' lang='lat' dir='ltr'>s</span> <span class='ocrx_word' id='word_1_46' title='bbox 247 904 393 976; x_wconf 88' lang='lat' dir='ltr'>eruditi0‚</span> <span class='ocrx_word' id='word_1_47' title='bbox 426 902 538 976; x_wconf 81' lang='lat' dir='ltr'>serum,</span> <span class='ocrx_word' id='word_1_48' title='bbox 572 904 786 983; x_wconf 84' lang='lat' dir='ltr'>cupiditatium</span> <span class='ocrx_word' id='word_1_49' title='bbox 816 904 1018 964; x_wconf 82' lang='lat' dir='ltr'>incontinens.</span> <span class='ocrx_word' id='word_1_50' title='bbox 1070 903 1198 982; x_wconf 90' lang='lat' dir='ltr'>quidam</span> <span class='ocrx_word' id='word_1_51' title='bbox 1222 924 1256 964; x_wconf 89' lang='lat' dir='ltr'>se</span> <span class='ocrx_word' id='word_1_52' title='bbox 1279 923 1298 963; x_wconf 90' lang='lat' dir='ltr'>a</span> <span class='ocrx_word' id='word_1_53' title='bbox 1321 904 1472 964; x_wconf 90' lang='lat' dir='ltr'>cinerario</span> 
     </span>
     <span class='ocr_line' id='line_1_7' title="bbox 247 1008 1471 1089; baseline 0.002 -21"><span class='ocrx_word' id='word_1_54' title='bbox 247 1008 386 1089; x_wconf 89' lang='lat' dir='ltr'>inpulsos</span> <span class='ocrx_word' id='word_1_55' title='bbox 411 1009 545 1070; x_wconf 86' lang='lat' dir='ltr'>moleste</span> <span class='ocrx_word' id='word_1_56' title='bbox 569 1009 671 1071; x_wconf 87' lang='lat' dir='ltr'>serunt</span> <span class='ocrx_word' id='word_1_57' title='bbox 695 1019 726 1070; x_wconf 90' lang='lat' dir='ltr'>et</span> <span class='ocrx_word' id='word_1_58' title='bbox 750 1009 975 1087; x_wconf 79' lang='lat' dir='ltr'>contumeliam</span> <span class='ocrx_word' id='word_1_59' title='bbox 992 1018 1107 1070; x_wconf 87' lang='lat' dir='ltr'>uocant</span> <span class='ocrx_word' id='word_1_60' title='bbox 1123 1010 1229 1070; x_wconf 87' lang='lat' dir='ltr'>ostiari</span> <span class='ocrx_word' id='word_1_61' title='bbox 1245 1008 1471 1083; x_wconf 83' lang='lat' dir='ltr'>difficultatem,</span> 
     </span>
     <span class='ocr_line' id='line_1_8' title="bbox 248 1107 1472 1198; baseline 0.002 -24"><span class='ocrx_word' id='word_1_62' title='bbox 248 1107 512 1176; x_wconf 61' lang='lat' dir='ltr'>nomenculatoris</span> <span class='ocrx_word' id='word_1_63' title='bbox 536 1116 725 1196; x_wconf 87' lang='lat' dir='ltr'>superbiam,</span> <span class='ocrx_word' id='word_1_64' title='bbox 749 1115 917 1176; x_wconf 86' lang='lat' dir='ltr'>cubiculari</span> <span class='ocrx_word' id='word_1_65' title='bbox 941 1115 1146 1196; x_wconf 85' lang='lat' dir='ltr'>supercilium.</span> <span class='ocrx_word' id='word_1_66' title='bbox 1194 1137 1214 1175; x_wconf 89' lang='grc' dir='ltr'>ο</span> <span class='ocrx_word' id='word_1_67' title='bbox 1239 1124 1377 1198; x_wconf 88' lang='lat' dir='ltr'>quantus</span> <span class='ocrx_word' id='word_1_68' title='bbox 1394 1115 1472 1176; x_wconf 91' lang='lat' dir='ltr'>inter</span> 
     </span>
     <span class='ocr_line' id='line_1_9' title="bbox 247 1202 1472 1303; baseline 0.001 -22"><span class='ocrx_word' id='word_1_69' title='bbox 247 1223 305 1282; x_wconf 90' lang='lat' dir='ltr'>ista</span> <span class='ocrx_word' id='word_1_70' title='bbox 337 1222 415 1288; x_wconf 89' lang='lat' dir='ltr'>risus</span> <span class='ocrx_word' id='word_1_71' title='bbox 450 1221 607 1283; x_wconf 88' lang='lat' dir='ltr'>tollendus</span> <span class='ocrx_word' id='word_1_72' title='bbox 639 1232 699 1296; x_wconf 86' lang='lat' dir='ltr'>est,</span> <span class='ocrx_word' id='word_1_73' title='bbox 739 1202 861 1302; x_wconf 29' lang='lat' dir='ltr'>quanta*</span> <span class='ocrx_word' id='word_1_74' title='bbox 887 1222 1050 1303; x_wconf 90' lang='lat' dir='ltr'>uoluptate</span> <span class='ocrx_word' id='word_1_75' title='bbox 1081 1221 1245 1302; x_wconf 90' lang='lat' dir='ltr'>inplendus</span> <span class='ocrx_word' id='word_1_76' title='bbox 1276 1223 1400 1282; x_wconf 91' lang='lat' dir='ltr'>animus</span> <span class='ocrx_word' id='word_1_77' title='bbox 1431 1242 1472 1282; x_wconf 87' lang='lat' dir='ltr'>ex</span> 
     </span>
    </p>

    <p class='ocr_par' dir='ltr' id='par_1_4' title="bbox 183 1327 1513 2900">
     <span class='ocr_line' id='line_1_10' title="bbox 183 1327 1502 1409; baseline 0 -21"><span class='ocrx_word' id='word_1_78' title='bbox 183 1364 187 1370; x_wconf 92' lang='lat'><strong>·</strong></span> <span class='ocrx_word' id='word_1_79' title='bbox 247 1327 421 1389; x_wconf 89' lang='lat' dir='ltr'>alienorum</span> <span class='ocrx_word' id='word_1_80' title='bbox 438 1349 581 1390; x_wconf 86' lang='lat' dir='ltr'>errorum</span> <span class='ocrx_word' id='word_1_81' title='bbox 597 1328 733 1390; x_wconf 87' lang='lat' dir='ltr'>tumultu</span> <span class='ocrx_word' id='word_1_82' title='bbox 750 1328 976 1409; x_wconf 87' lang='lat' dir='ltr'>contemplanti</span> <span class='ocrx_word' id='word_1_83' title='bbox 993 1329 1130 1408; x_wconf 88' lang='lat' dir='ltr'>quietem</span> <span class='ocrx_word' id='word_1_84' title='bbox 1145 1333 1250 1391; x_wconf 85' lang='lat' dir='ltr'>suam!</span> <span class='ocrx_word' id='word_1_85' title='bbox 1283 1329 1359 1408; x_wconf 88' lang='lat' dir='ltr'>quid</span> <span class='ocrx_word' id='word_1_86' title='bbox 1377 1331 1471 1407; x_wconf 87' lang='lat' dir='ltr'>ergo?</span> <span class='ocrx_word' id='word_1_87' title='bbox 1489 1345 1502 1396; x_wconf 70' lang='lat'>2</span> 
     </span>
     <span class='ocr_line' id='line_1_11' title="bbox 210 1434 1472 1515; baseline 0.001 -22"><span class='ocrx_word' id='word_1_88' title='bbox 210 1436 372 1514; x_wconf 78' lang='lat' dir='ltr'>insapiens</span> <span class='ocrx_word' id='word_1_89' title='bbox 396 1456 460 1495; x_wconf 94' lang='lat' dir='ltr'>non</span> <span class='ocrx_word' id='word_1_90' title='bbox 484 1438 615 1497; x_wconf 88' lang='lat' dir='ltr'>accedet</span> <span class='ocrx_word' id='word_1_91' title='bbox 638 1435 678 1495; x_wconf 90' lang='lat' dir='ltr'>ad</span> <span class='ocrx_word' id='word_1_92' title='bbox 696 1434 786 1509; x_wconf 80' lang='lat' dir='ltr'>soreS,</span> <span class='ocrx_word' id='word_1_93' title='bbox 809 1455 888 1515; x_wconf 90' lang='lat' dir='ltr'>quas</span> <span class='ocrx_word' id='word_1_94' title='bbox 905 1436 1000 1495; x_wconf 89' lang='lat' dir='ltr'>durus</span> <span class='ocrx_word' id='word_1_95' title='bbox 1017 1435 1128 1495; x_wconf 91' lang='lat' dir='ltr'>ianitor</span> <span class='ocrx_word' id='word_1_96' title='bbox 1144 1435 1288 1495; x_wconf 88' lang='lat' dir='ltr'>obsidet?</span> <span class='ocrx_word' id='word_1_97' title='bbox 1320 1434 1370 1495; x_wconf 90' lang='lat' dir='ltr'>ille</span> <span class='ocrx_word' id='word_1_98' title='bbox 1388 1455 1472 1507; x_wconf 91' lang='lat' dir='ltr'>uer0,</span> 
     </span>
     <span class='ocr_line' id='line_1_12' title="bbox 248 1541 1471 1622; baseline -0.001 -20"><span class='ocrx_word' id='word_1_99' title='bbox 248 1542 273 1602; x_wconf 93' lang='lat' dir='ltr'>si</span> <span class='ocrx_word' id='word_1_100' title='bbox 296 1562 345 1602; x_wconf 89' lang='lat' dir='ltr'>res</span> <span class='ocrx_word' id='word_1_101' title='bbox 369 1543 543 1603; x_wconf 79' lang='lat' dir='ltr'>necessaria</span> <span class='ocrx_word' id='word_1_102' title='bbox 567 1542 701 1616; x_wconf 89' lang='lat' dir='ltr'>uocabit,</span> <span class='ocrx_word' id='word_1_103' title='bbox 726 1543 904 1622; x_wconf 78' lang='lat' dir='ltr'>experietur</span> <span class='ocrx_word' id='word_1_104' title='bbox 928 1552 960 1602; x_wconf 88' lang='lat' dir='ltr'>et</span> <span class='ocrx_word' id='word_1_105' title='bbox 976 1541 1061 1602; x_wconf 95' lang='lat' dir='ltr'>illum</span> <span class='ocrx_word' id='word_1_106' title='bbox 1079 1541 1216 1621; x_wconf 90' lang='lat' dir='ltr'>quisquis</span> <span class='ocrx_word' id='word_1_107' title='bbox 1233 1541 1291 1601; x_wconf 88' lang='lat' dir='ltr'>erit</span> <span class='ocrx_word' id='word_1_108' title='bbox 1307 1548 1471 1620; x_wconf 91' lang='lat' dir='ltr'>tamquam</span> 
     </span>
     <span class='ocr_line' id='line_1_13' title="bbox 248 1646 1472 1727; baseline -0.002 -19"><span class='ocrx_word' id='word_1_109' title='bbox 248 1651 357 1709; x_wconf 89' lang='lat' dir='ltr'>canem</span> <span class='ocrx_word' id='word_1_110' title='bbox 382 1669 487 1709; x_wconf 89' lang='lat' dir='ltr'>acrem</span> <span class='ocrx_word' id='word_1_111' title='bbox 512 1649 639 1709; x_wconf 88' lang='lat' dir='ltr'>obiecto</span> <span class='ocrx_word' id='word_1_112' title='bbox 663 1649 734 1709; x_wconf 85' lang='lat' dir='ltr'>cibo</span> <span class='ocrx_word' id='word_1_113' title='bbox 751 1648 845 1710; x_wconf 92' lang='lat' dir='ltr'>leniet</span> <span class='ocrx_word' id='word_1_114' title='bbox 860 1669 918 1709; x_wconf 91' lang='lat' dir='ltr'>nec</span> <span class='ocrx_word' id='word_1_115' title='bbox 934 1648 1145 1727; x_wconf 84' lang='lat' dir='ltr'>indignabitur</span> <span class='ocrx_word' id='word_1_116' title='bbox 1162 1646 1276 1727; x_wconf 91' lang='lat' dir='ltr'>aliquid</span> <span class='ocrx_word' id='word_1_117' title='bbox 1294 1647 1472 1727; x_wconf 88' lang='lat' dir='ltr'>inpendere,</span> 
     </span>
     <span class='ocr_line' id='line_1_14' title="bbox 248 1752 1473 1849; baseline 0.001 -36"><span class='ocrx_word' id='word_1_118' title='bbox 248 1763 281 1815; x_wconf 90' lang='lat' dir='ltr'>ut</span> <span class='ocrx_word' id='word_1_119' title='bbox 305 1753 399 1815; x_wconf 92' lang='lat' dir='ltr'>limen</span> <span class='ocrx_word' id='word_1_120' title='bbox 422 1763 569 1830; x_wconf 88' lang='lat' dir='ltr'>transeat,</span> <span class='ocrx_word' id='word_1_121' title='bbox 602 1757 743 1834; x_wconf 84' lang='lat' dir='ltr'>cogitans</span> <span class='ocrx_word' id='word_1_122' title='bbox 767 1756 848 1815; x_wconf 89' lang='lat' dir='ltr'>etin</span> <span class='ocrx_word' id='word_1_123' title='bbox 872 1753 1022 1849; x_wconf 66' lang='lat' dir='ltr'>pontibus</span> <span class='ocrx_word' id='word_1_124' title='bbox 1045 1753 1232 1833; x_wconf 90' lang='lat' dir='ltr'>quibusdam</span> <span class='ocrx_word' id='word_1_125' title='bbox 1259 1774 1318 1834; x_wconf 91' lang='lat' dir='ltr'>pro</span> <span class='ocrx_word' id='word_1_126' title='bbox 1342 1752 1473 1814; x_wconf 86' lang='lat' dir='ltr'>transitu</span> 
     </span>
     <span class='ocr_line' id='line_1_15' title="bbox 249 1859 1473 1941; baseline -0.002 -20"><span class='ocrx_word' id='word_1_127' title='bbox 249 1862 322 1921; x_wconf 87' lang='lat' dir='ltr'>dari.</span> <span class='ocrx_word' id='word_1_128' title='bbox 353 1861 459 1940; x_wconf 84' lang='lat' dir='ltr'>itaque</span> <span class='ocrx_word' id='word_1_129' title='bbox 475 1860 515 1921; x_wconf 91' lang='lat' dir='ltr'>illi</span> <span class='ocrx_word' id='word_1_130' title='bbox 531 1882 667 1941; x_wconf 88' lang='lat' dir='ltr'>quoque,</span> <span class='ocrx_word' id='word_1_131' title='bbox 683 1862 822 1940; x_wconf 91' lang='lat' dir='ltr'>quisquis</span> <span class='ocrx_word' id='word_1_132' title='bbox 839 1863 904 1934; x_wconf 92' lang='lat' dir='ltr'>erit,</span> <span class='ocrx_word' id='word_1_133' title='bbox 927 1862 978 1939; x_wconf 92' lang='lat' dir='ltr'>qui</span> <span class='ocrx_word' id='word_1_134' title='bbox 995 1861 1057 1920; x_wconf 92' lang='lat' dir='ltr'>hoc</span> <span class='ocrx_word' id='word_1_135' title='bbox 1072 1859 1295 1920; x_wconf 88' lang='lat' dir='ltr'>salutationum</span> <span class='ocrx_word' id='word_1_136' title='bbox 1312 1859 1473 1939; x_wconf 89' lang='lat' dir='ltr'>publicum</span> 
     </span>
     <span class='ocr_line' id='line_1_16' title="bbox 212 1964 1474 2046; baseline 0.001 -21"><span class='ocrx_word' id='word_1_137' title='bbox 212 1987 235 2025; x_wconf 77' lang='lat' dir='ltr'>rs</span> <span class='ocrx_word' id='word_1_138' title='bbox 250 1977 411 2041; x_wconf 88' lang='lat' dir='ltr'>exerceat,</span> <span class='ocrx_word' id='word_1_139' title='bbox 442 1967 580 2028; x_wconf 83' lang='lat' dir='ltr'>donabit</span> <span class='ocrx_word' id='word_1_140' title='bbox 627 1969 685 2029; x_wconf 91' lang='lat' dir='ltr'>scit</span> <span class='ocrx_word' id='word_1_141' title='bbox 716 1969 777 2028; x_wconf 87' lang='lat' dir='ltr'>erni</span> <span class='ocrx_word' id='word_1_142' title='bbox 801 1966 902 2028; x_wconf 91' lang='lat' dir='ltr'>solere</span> <span class='ocrx_word' id='word_1_143' title='bbox 926 1966 1054 2027; x_wconf 88' lang='lat' dir='ltr'>uenalia.</span> <span class='ocrx_word' id='word_1_144' title='bbox 1101 1965 1151 2026; x_wconf 94' lang='lat' dir='ltr'>ille</span> <span class='ocrx_word' id='word_1_145' title='bbox 1174 1964 1275 2046; x_wconf 88' lang='lat' dir='ltr'>pusilli</span> <span class='ocrx_word' id='word_1_146' title='bbox 1299 1967 1394 2026; x_wconf 89' lang='lat' dir='ltr'>animi</span> <span class='ocrx_word' id='word_1_147' title='bbox 1418 1976 1474 2040; x_wconf 90' lang='lat' dir='ltr'>est,</span> 
     </span>
     <span class='ocr_line' id='line_1_17' title="bbox 248 2072 1474 2154; baseline 0 -22"><span class='ocrx_word' id='word_1_148' title='bbox 248 2074 300 2154; x_wconf 92' lang='lat' dir='ltr'>qui</span> <span class='ocrx_word' id='word_1_149' title='bbox 331 2073 389 2133; x_wconf 90' lang='lat' dir='ltr'>sibi</span> <span class='ocrx_word' id='word_1_150' title='bbox 417 2072 532 2152; x_wconf 79' lang='lat' dir='ltr'>placet,</span> <span class='ocrx_word' id='word_1_151' title='bbox 564 2076 652 2153; x_wconf 91' lang='lat' dir='ltr'>quod</span> <span class='ocrx_word' id='word_1_152' title='bbox 676 2074 803 2134; x_wconf 89' lang='lat' dir='ltr'>ostiario</span> <span class='ocrx_word' id='word_1_153' title='bbox 827 2073 924 2134; x_wconf 89' lang='lat' dir='ltr'>libere</span> <span class='ocrx_word' id='word_1_154' title='bbox 947 2073 1122 2153; x_wconf 88' lang='lat' dir='ltr'>respondit,</span> <span class='ocrx_word' id='word_1_155' title='bbox 1152 2074 1239 2152; x_wconf 86' lang='lat' dir='ltr'>quod</span> <span class='ocrx_word' id='word_1_156' title='bbox 1265 2073 1385 2151; x_wconf 86' lang='lat' dir='ltr'>uirgam</span> <span class='ocrx_word' id='word_1_157' title='bbox 1410 2073 1474 2133; x_wconf 92' lang='lat' dir='ltr'>eius</span> 
     </span>
     <span class='ocr_line' id='line_1_18' title="bbox 249 2178 1472 2260; baseline -0.001 -20"><span class='ocrx_word' id='word_1_158' title='bbox 249 2180 353 2259; x_wconf 86' lang='lat' dir='ltr'>fregit,</span> <span class='ocrx_word' id='word_1_159' title='bbox 384 2181 473 2259; x_wconf 92' lang='lat' dir='ltr'>quod</span> <span class='ocrx_word' id='word_1_160' title='bbox 504 2181 545 2242; x_wconf 89' lang='lat' dir='ltr'>ad</span> <span class='ocrx_word' id='word_1_161' title='bbox 578 2181 741 2241; x_wconf 92' lang='lat' dir='ltr'>dominum</span> <span class='ocrx_word' id='word_1_162' title='bbox 765 2181 896 2246; x_wconf 86' lang='lat' dir='ltr'>accessit</span> <span class='ocrx_word' id='word_1_163' title='bbox 920 2189 952 2241; x_wconf 93' lang='lat' dir='ltr'>et</span> <span class='ocrx_word' id='word_1_164' title='bbox 975 2180 1064 2260; x_wconf 90' lang='lat' dir='ltr'>petiit</span> <span class='ocrx_word' id='word_1_165' title='bbox 1087 2179 1215 2240; x_wconf 91' lang='lat' dir='ltr'>corium.</span> <span class='ocrx_word' id='word_1_166' title='bbox 1262 2178 1334 2240; x_wconf 81' lang='lat' dir='ltr'>iacit</span> <span class='ocrx_word' id='word_1_167' title='bbox 1357 2199 1394 2239; x_wconf 91' lang='lat' dir='ltr'>se</span> <span class='ocrx_word' id='word_1_168' title='bbox 1418 2179 1472 2240; x_wconf 87' lang='lat' dir='ltr'>ad-</span> 
     </span>
     <span class='ocr_line' id='line_1_19' title="bbox 252 2284 1513 2366; baseline -0.002 -20"><span class='ocrx_word' id='word_1_169' title='bbox 252 2287 421 2346; x_wconf 89' lang='lat' dir='ltr'>uersarium</span> <span class='ocrx_word' id='word_1_170' title='bbox 447 2287 499 2365; x_wconf 94' lang='lat' dir='ltr'>qui</span> <span class='ocrx_word' id='word_1_171' title='bbox 524 2287 693 2361; x_wconf 90' lang='lat' dir='ltr'>contendit,</span> <span class='ocrx_word' id='word_1_172' title='bbox 717 2295 749 2348; x_wconf 93' lang='lat' dir='ltr'>et</span> <span class='ocrx_word' id='word_1_173' title='bbox 769 2295 803 2347; x_wconf 92' lang='lat' dir='ltr'>ut</span> <span class='ocrx_word' id='word_1_174' title='bbox 823 2287 935 2361; x_wconf 89' lang='lat' dir='ltr'>uincat,</span> <span class='ocrx_word' id='word_1_175' title='bbox 960 2306 1015 2366; x_wconf 88' lang='lat' dir='ltr'>par</span> <span class='ocrx_word' id='word_1_176' title='bbox 1038 2285 1101 2346; x_wconf 81' lang='lat' dir='ltr'>suit.</span> <span class='ocrx_word' id='word_1_177' title='bbox 1147 2295 1179 2346; x_wconf 92' lang='lat' dir='ltr'>at</span> <span class='ocrx_word' id='word_1_178' title='bbox 1195 2287 1319 2366; x_wconf 88' lang='lat' dir='ltr'>sapiens</span> <span class='ocrx_word' id='word_1_179' title='bbox 1335 2284 1472 2366; x_wconf 85' lang='lat' dir='ltr'>colapho</span> <span class='ocrx_word' id='word_1_180' title='bbox 1491 2294 1513 2344; x_wconf 55' lang='lat' dir='ltr'>a</span> 
     </span>
     <span class='ocr_line' id='line_1_20' title="bbox 250 2392 1471 2473; baseline -0.001 -20"><span class='ocrx_word' id='word_1_181' title='bbox 250 2413 415 2473; x_wconf 90' lang='lat' dir='ltr'>percussus</span> <span class='ocrx_word' id='word_1_182' title='bbox 445 2393 521 2472; x_wconf 91' lang='lat' dir='ltr'>quid</span> <span class='ocrx_word' id='word_1_183' title='bbox 553 2393 661 2454; x_wconf 78' lang='lat' dir='ltr'>faciet?</span> <span class='ocrx_word' id='word_1_184' title='bbox 707 2394 795 2472; x_wconf 91' lang='lat' dir='ltr'>quod</span> <span class='ocrx_word' id='word_1_185' title='bbox 820 2392 913 2461; x_wconf 79' lang='lat' dir='ltr'>Cato,</span> <span class='ocrx_word' id='word_1_186' title='bbox 944 2413 1015 2455; x_wconf 88' lang='lat' dir='ltr'>cum</span> <span class='ocrx_word' id='word_1_187' title='bbox 1040 2392 1080 2453; x_wconf 92' lang='lat' dir='ltr'>illi</span> <span class='ocrx_word' id='word_1_188' title='bbox 1103 2412 1140 2452; x_wconf 94' lang='lat' dir='ltr'>os</span> <span class='ocrx_word' id='word_1_189' title='bbox 1164 2411 1347 2471; x_wconf 89' lang='lat' dir='ltr'>percussum</span> <span class='ocrx_word' id='word_1_190' title='bbox 1372 2401 1471 2452; x_wconf 90' lang='lat' dir='ltr'>esset:</span> 
     </span>
     <span class='ocr_line' id='line_1_21' title="bbox 209 2498 1475 2578; baseline -0.001 -18"><span class='ocrx_word' id='word_1_191' title='bbox 209 2520 235 2560; x_wconf 85' lang='lat' dir='ltr'>m</span> <span class='ocrx_word' id='word_1_192' title='bbox 250 2521 314 2561; x_wconf 95' lang='lat' dir='ltr'>non</span> <span class='ocrx_word' id='word_1_193' title='bbox 346 2499 529 2574; x_wconf 87' lang='lat' dir='ltr'>excanduit,</span> <span class='ocrx_word' id='word_1_194' title='bbox 561 2521 625 2562; x_wconf 94' lang='lat' dir='ltr'>non</span> <span class='ocrx_word' id='word_1_195' title='bbox 656 2500 823 2561; x_wconf 87' lang='lat' dir='ltr'>uindicauit</span> <span class='ocrx_word' id='word_1_196' title='bbox 846 2500 1003 2574; x_wconf 90' lang='lat' dir='ltr'>iniuriam,</span> <span class='ocrx_word' id='word_1_197' title='bbox 1034 2519 1074 2559; x_wconf 90' lang='lat' dir='ltr'>ne</span> <span class='ocrx_word' id='word_1_198' title='bbox 1099 2499 1216 2559; x_wconf 91' lang='lat' dir='ltr'>remisit</span> <span class='ocrx_word' id='word_1_199' title='bbox 1240 2499 1386 2578; x_wconf 87' lang='lat' dir='ltr'>quidem,</span> <span class='ocrx_word' id='word_1_200' title='bbox 1418 2498 1475 2559; x_wconf 87' lang='lat' dir='ltr'>sed</span> 
     </span>
     <span class='ocr_line' id='line_1_22' title="bbox 249 2605 1501 2686; baseline -0.002 -19"><span class='ocrx_word' id='word_1_201' title='bbox 249 2606 365 2668; x_wconf 84' lang='lat' dir='ltr'>factam</span> <span class='ocrx_word' id='word_1_202' title='bbox 389 2607 532 2686; x_wconf 82' lang='lat' dir='ltr'>negauit:</span> <span class='ocrx_word' id='word_1_203' title='bbox 565 2609 683 2668; x_wconf 90' lang='lat' dir='ltr'>maiore</span> <span class='ocrx_word' id='word_1_204' title='bbox 707 2607 813 2666; x_wconf 92' lang='lat' dir='ltr'>animo</span> <span class='ocrx_word' id='word_1_205' title='bbox 838 2627 902 2666; x_wconf 94' lang='lat' dir='ltr'>non</span> <span class='ocrx_word' id='word_1_206' title='bbox 918 2607 1048 2686; x_wconf 86' lang='lat' dir='ltr'>agnouit</span> <span class='ocrx_word' id='word_1_207' title='bbox 1064 2625 1160 2685; x_wconf 91' lang='lat' dir='ltr'>quam</span> <span class='ocrx_word' id='word_1_208' title='bbox 1180 2605 1362 2686; x_wconf 84' lang='lat' dir='ltr'>ignouisset.</span> <span class='ocrx_word' id='word_1_209' title='bbox 1409 2625 1473 2665; x_wconf 94' lang='lat' dir='ltr'>non</span> <span class='ocrx_word' id='word_1_210' title='bbox 1490 2613 1501 2663; x_wconf 85' lang='lat' dir='ltr'>l</span> 
     </span>
     <span class='ocr_line' id='line_1_23' title="bbox 251 2710 1474 2792; baseline -0.001 -19"><span class='ocrx_word' id='word_1_211' title='bbox 251 2714 303 2774; x_wconf 95' lang='lat' dir='ltr'>diu</span> <span class='ocrx_word' id='word_1_212' title='bbox 335 2715 365 2774; x_wconf 94' lang='lat' dir='ltr'>in</span> <span class='ocrx_word' id='word_1_213' title='bbox 396 2713 458 2775; x_wconf 93' lang='lat' dir='ltr'>hoc</span> <span class='ocrx_word' id='word_1_214' title='bbox 482 2712 698 2774; x_wconf 89' lang='lat' dir='ltr'>haerebimus:</span> <span class='ocrx_word' id='word_1_215' title='bbox 740 2713 808 2792; x_wconf 90' lang='lat' dir='ltr'>quis</span> <span class='ocrx_word' id='word_1_216' title='bbox 831 2714 914 2773; x_wconf 88' lang='lat' dir='ltr'>enim</span> <span class='ocrx_word' id='word_1_217' title='bbox 938 2713 1037 2773; x_wconf 90' lang='lat' dir='ltr'>nescit</span> <span class='ocrx_word' id='word_1_218' title='bbox 1061 2711 1133 2773; x_wconf 83' lang='lat' dir='ltr'>nihss</span> <span class='ocrx_word' id='word_1_219' title='bbox 1158 2732 1199 2772; x_wconf 86' lang='lat' dir='ltr'>ex</span> <span class='ocrx_word' id='word_1_220' title='bbox 1223 2710 1278 2786; x_wconf 86' lang='lat' dir='ltr'>his,</span> <span class='ocrx_word' id='word_1_221' title='bbox 1303 2732 1386 2790; x_wconf 92' lang='lat' dir='ltr'>quae</span> <span class='ocrx_word' id='word_1_222' title='bbox 1411 2731 1474 2772; x_wconf 91' lang='lat' dir='ltr'>cre-</span> 
     </span>
     <span class='ocr_line' id='line_1_24' title="bbox 251 2817 1478 2900; baseline -0.004 -18"><span class='ocrx_word' id='word_1_223' title='bbox 251 2821 367 2882; x_wconf 89' lang='lat' dir='ltr'>duntur</span> <span class='ocrx_word' id='word_1_224' title='bbox 390 2819 474 2881; x_wconf 89' lang='lat' dir='ltr'>mala</span> <span class='ocrx_word' id='word_1_225' title='bbox 498 2828 552 2880; x_wconf 92' lang='lat' dir='ltr'>aut</span> <span class='ocrx_word' id='word_1_226' title='bbox 575 2823 666 2893; x_wconf 92' lang='lat' dir='ltr'>bona,</span> <span class='ocrx_word' id='word_1_227' title='bbox 691 2820 733 2880; x_wconf 91' lang='lat' dir='ltr'>ita</span> <span class='ocrx_word' id='word_1_228' title='bbox 757 2819 854 2880; x_wconf 87' lang='lat' dir='ltr'>uideri</span> <span class='ocrx_word' id='word_1_229' title='bbox 869 2820 1001 2900; x_wconf 90' lang='lat' dir='ltr'>sapienti</span> <span class='ocrx_word' id='word_1_230' title='bbox 1017 2828 1050 2880; x_wconf 93' lang='lat' dir='ltr'>ut</span> <span class='ocrx_word' id='word_1_231' title='bbox 1066 2817 1230 2879; x_wconf 84' lang='lat' dir='ltr'>omnibus?</span> <span class='ocrx_word' id='word_1_232' title='bbox 1262 2838 1326 2878; x_wconf 90' lang='lat' dir='ltr'>non</span> <span class='ocrx_word' id='word_1_233' title='bbox 1343 2818 1478 2898; x_wconf 87' lang='lat' dir='ltr'>respicit,</span> 
     </span>
    </p>

    <p class='ocr_par' dir='ltr' id='par_1_5' title="bbox 192 2916 1478 3201">
     <span class='ocr_line' id='line_1_25' title="bbox 192 2916 1478 3007; baseline -0.001 -21"><span class='ocrx_word' id='word_1_234' title='bbox 192 2916 201 2928; x_wconf 61' lang='grc'><em>’</em></span> <span class='ocrx_word' id='word_1_235' title='bbox 252 2927 327 3006; x_wconf 92' lang='lat' dir='ltr'>quid</span> <span class='ocrx_word' id='word_1_236' title='bbox 351 2946 462 2988; x_wconf 93' lang='lat' dir='ltr'>omnes</span> <span class='ocrx_word' id='word_1_237' title='bbox 485 2937 576 3007; x_wconf 91' lang='lat' dir='ltr'>turpe</span> <span class='ocrx_word' id='word_1_238' title='bbox 600 2926 736 2987; x_wconf 89' lang='lat' dir='ltr'>iudicent</span> <span class='ocrx_word' id='word_1_239' title='bbox 759 2935 813 2986; x_wconf 92' lang='lat' dir='ltr'>aut</span> <span class='ocrx_word' id='word_1_240' title='bbox 836 2927 993 2988; x_wconf 87' lang='lat' dir='ltr'>miserum.</span> <span class='ocrx_word' id='word_1_241' title='bbox 1038 2945 1103 2986; x_wconf 95' lang='lat' dir='ltr'>non</span> <span class='ocrx_word' id='word_1_242' title='bbox 1127 2926 1150 2987; x_wconf 96' lang='lat' dir='ltr'>it</span> <span class='ocrx_word' id='word_1_243' title='bbox 1173 2946 1235 3005; x_wconf 89' lang='lat' dir='ltr'>qua</span> <span class='ocrx_word' id='word_1_244' title='bbox 1250 2923 1396 3005; x_wconf 72' lang='lat' dir='ltr'>populus</span> <span class='ocrx_word' id='word_1_245' title='bbox 1421 2925 1478 2985; x_wconf 92' lang='lat' dir='ltr'>sed</span> 
     </span>
     <span class='ocr_line' id='line_1_26' title="bbox 211 3031 1477 3111; baseline 0.002 -21"><span class='ocrx_word' id='word_1_246' title='bbox 211 3051 236 3090; x_wconf 74' lang='lat' dir='ltr'>n</span> <span class='ocrx_word' id='word_1_247' title='bbox 251 3041 286 3093; x_wconf 91' lang='lat' dir='ltr'>ut</span> <span class='ocrx_word' id='word_1_248' title='bbox 301 3034 405 3094; x_wconf 88' lang='lat' dir='ltr'>sidera</span> <span class='ocrx_word' id='word_1_249' title='bbox 420 3035 609 3095; x_wconf 88' lang='lat' dir='ltr'>contrarium</span> <span class='ocrx_word' id='word_1_250' title='bbox 626 3034 746 3094; x_wconf 92' lang='lat' dir='ltr'>mundo</span> <span class='ocrx_word' id='word_1_251' title='bbox 763 3033 821 3093; x_wconf 88' lang='lat' dir='ltr'>iter</span> <span class='ocrx_word' id='word_1_252' title='bbox 837 3034 1011 3106; x_wconf 87' lang='lat' dir='ltr'>intendunt,</span> <span class='ocrx_word' id='word_1_253' title='bbox 1027 3033 1069 3092; x_wconf 87' lang='lat' dir='ltr'>ita</span> <span class='ocrx_word' id='word_1_254' title='bbox 1078 3031 1127 3092; x_wconf 90' lang='lat' dir='ltr'>hic</span> <span class='ocrx_word' id='word_1_255' title='bbox 1135 3033 1286 3092; x_wconf 87' lang='lat' dir='ltr'>aduersus</span> <span class='ocrx_word' id='word_1_256' title='bbox 1295 3031 1477 3111; x_wconf 89' lang='lat' dir='ltr'>opinionem</span> 
     </span>
     <span class='ocr_line' id='line_1_27' title="bbox 251 3117 1374 3201; baseline -0.003 -2"><span class='ocrx_word' id='word_1_257' title='bbox 251 3140 392 3201; x_wconf 91' lang='lat' dir='ltr'>omnium</span> <span class='ocrx_word' id='word_1_258' title='bbox 416 3141 510 3201; x_wconf 90' lang='lat' dir='ltr'>uadit.</span> <span class='ocrx_word' id='word_1_259' title='bbox 539 3123 545 3135; x_wconf 27' lang='grc' dir='ltr'>Ἰ</span> <span class='ocrx_word' id='word_1_260' title='bbox 575 3193 580 3199; x_wconf 89' lang='grc'><strong>.</strong></span> <span class='ocrx_word' id='word_1_261' title='bbox 1370 3117 1374 3126; x_wconf 53' lang='grc'><em>’</em></span> 
     </span>
    </p>

    <p class='ocr_par' dir='ltr' id='par_1_6' title="bbox 251 3244 1513 3539">
     <span class='ocr_line' id='line_1_28' title="bbox 342 3244 1513 3326; baseline -0.003 -20"><span class='ocrx_word' id='word_1_262' title='bbox 342 3246 414 3307; x_wconf 88' lang='lat' dir='ltr'>XV.</span> <span class='ocrx_word' id='word_1_263' title='bbox 446 3247 587 3308; x_wconf 89' lang='lat' dir='ltr'>Desinite</span> <span class='ocrx_word' id='word_1_264' title='bbox 618 3246 723 3326; x_wconf 89' lang='lat' dir='ltr'>itaque</span> <span class='ocrx_word' id='word_1_265' title='bbox 753 3247 872 3307; x_wconf 89' lang='lat' dir='ltr'>dicere:</span> <span class='ocrx_word' id='word_1_266' title='bbox 915 3266 978 3305; x_wconf 94' lang='lat' dir='ltr'>non</span> <span class='ocrx_word' id='word_1_267' title='bbox 1010 3245 1139 3325; x_wconf 89' lang='lat' dir='ltr'>accipiet</span> <span class='ocrx_word' id='word_1_268' title='bbox 1171 3265 1248 3324; x_wconf 78' lang='lat' dir='ltr'>ergo</span> <span class='ocrx_word' id='word_1_269' title='bbox 1279 3244 1406 3324; x_wconf 91' lang='lat' dir='ltr'>sapiens</span> <span class='ocrx_word' id='word_1_270' title='bbox 1435 3245 1513 3304; x_wconf 85' lang='lat' dir='ltr'>in-t</span> 
     </span>
     <span class='ocr_line' id='line_1_29' title="bbox 255 3334 1480 3442; baseline -0.002 -29"><span class='ocrx_word' id='word_1_271' title='bbox 255 3353 374 3427; x_wconf 87' lang='lat' dir='ltr'>iuriam,</span> <span class='ocrx_word' id='word_1_272' title='bbox 399 3355 424 3414; x_wconf 92' lang='lat' dir='ltr'>si</span> <span class='ocrx_word' id='word_1_273' title='bbox 440 3352 596 3442; x_wconf 82' lang='lat' dir='ltr'>caedetur,</span> <span class='ocrx_word' id='word_1_274' title='bbox 620 3353 644 3412; x_wconf 92' lang='lat' dir='ltr'>si</span> <span class='ocrx_word' id='word_1_275' title='bbox 661 3352 770 3413; x_wconf 93' lang='lat' dir='ltr'>oculus</span> <span class='ocrx_word' id='word_1_276' title='bbox 786 3351 825 3412; x_wconf 94' lang='lat' dir='ltr'>illi</span> <span class='ocrx_word' id='word_1_277' title='bbox 842 3355 984 3413; x_wconf 87' lang='lat' dir='ltr'>eruetur?</span> <span class='ocrx_word' id='word_1_278' title='bbox 1017 3372 1081 3411; x_wconf 94' lang='lat' dir='ltr'>non</span> <span class='ocrx_word' id='word_1_279' title='bbox 1098 3334 1228 3430; x_wconf 85' lang='lat' dir='ltr'>accipiet</span> <span class='ocrx_word' id='word_1_280' title='bbox 1245 3350 1480 3423; x_wconf 87' lang='lat' dir='ltr'>contumeliam,</span> 
     </span>
     <span class='ocr_line' id='line_1_30' title="bbox 251 3456 1477 3539; baseline -0.001 -21"><span class='ocrx_word' id='word_1_281' title='bbox 251 3459 510 3537; x_wconf 16' lang='lat' dir='ltr'>siuobscenorum</span> <span class='ocrx_word' id='word_1_282' title='bbox 535 3458 665 3520; x_wconf 90' lang='lat' dir='ltr'>uocibus</span> <span class='ocrx_word' id='word_1_283' title='bbox 693 3459 832 3539; x_wconf 89' lang='lat' dir='ltr'>inprobis</span> <span class='ocrx_word' id='word_1_284' title='bbox 856 3479 912 3539; x_wconf 92' lang='lat' dir='ltr'>per</span> <span class='ocrx_word' id='word_1_285' title='bbox 936 3456 1038 3520; x_wconf 87' lang='lat' dir='ltr'>forum</span> <span class='ocrx_word' id='word_1_286' title='bbox 1062 3460 1190 3536; x_wconf 85' lang='lat' dir='ltr'>agetur?</span> <span class='ocrx_word' id='word_1_287' title='bbox 1227 3458 1252 3517; x_wconf 92' lang='lat' dir='ltr'>si</span> <span class='ocrx_word' id='word_1_288' title='bbox 1276 3459 1305 3517; x_wconf 93' lang='lat' dir='ltr'>in</span> <span class='ocrx_word' id='word_1_289' title='bbox 1330 3457 1477 3517; x_wconf 92' lang='lat' dir='ltr'>conuiuio</span> 
     </span>
    </p>
   </div>
   <div class='ocr_carea' id='block_1_3' title="bbox 188 3701 1481 3810">
    <p class='ocr_par' dir='ltr' id='par_1_7' title="bbox 188 3701 1481 3810">
     <span class='ocr_line' id='line_1_31' title="bbox 188 3701 1481 3810; baseline -0.003 -17"><span class='ocrx_word' id='word_1_290' title='bbox 188 3742 190 3746; x_wconf 66' lang='grc'><strong>’</strong></span> <span class='ocrx_word' id='word_1_291' title='bbox 251 3701 378 3793; x_wconf 58' lang='grc' dir='ltr'>21131)εὲ</span> <span class='ocrx_word' id='word_1_292' title='bbox 399 3742 424 3807; x_wconf 91' lang='lat' dir='ltr'>(n</span> <span class='ocrx_word' id='word_1_293' title='bbox 443 3757 476 3794; x_wconf 87' lang='lat' dir='ltr'>m.</span> <span class='ocrx_word' id='word_1_294' title='bbox 495 3740 550 3810; x_wconf 80' lang='lat' dir='ltr'>pr.)</span> <span class='ocrx_word' id='word_1_295' title='bbox 633 3741 702 3807; x_wconf 89' lang='lat' dir='ltr'>quot]</span> <span class='ocrx_word' id='word_1_296' title='bbox 723 3743 788 3804; x_wconf 85' lang='lat' dir='ltr'>quod</span> <span class='ocrx_word' id='word_1_297' title='bbox 869 3739 1021 3807; x_wconf 80' lang='lat' dir='ltr'>liimpulsos</span> <span class='ocrx_word' id='word_1_298' title='bbox 1094 3718 1184 3788; x_wconf 86' lang='lat' dir='ltr'>ostiarii</span> <span class='ocrx_word' id='word_1_299' title='bbox 1250 3738 1347 3790; x_wconf 73' lang='lat' dir='ltr'>linter</span> <span class='ocrx_word' id='word_1_300' title='bbox 1361 3741 1408 3788; x_wconf 80' lang='lat' dir='ltr'>ista</span> <span class='ocrx_word' id='word_1_301' title='bbox 1421 3741 1481 3789; x_wconf 87' lang='lat' dir='ltr'>risus</span> 
     </span>
    </p>
   </div>
   <div class='ocr_carea' id='block_1_4' title="bbox 251 3828 1482 4517">
    <p class='ocr_par' dir='ltr' id='par_1_8' title="bbox 251 3828 1482 4517">
     <span class='ocr_line' id='line_1_32' title="bbox 255 3828 1481 3893; baseline 0 -15"><span class='ocrx_word' id='word_1_302' title='bbox 255 3830 376 3879; x_wconf 86' lang='lat' dir='ltr'>tollendus</span> <span class='ocrx_word' id='word_1_303' title='bbox 396 3829 560 3883; x_wconf 76' lang='lat' dir='ltr'>deteriores:</span> <span class='ocrx_word' id='word_1_304' title='bbox 582 3832 642 3878; x_wconf 90' lang='lat' dir='ltr'>risus</span> <span class='ocrx_word' id='word_1_305' title='bbox 661 3832 722 3878; x_wconf 86' lang='lat' dir='ltr'>inter</span> <span class='ocrx_word' id='word_1_306' title='bbox 742 3831 788 3878; x_wconf 86' lang='lat' dir='ltr'>ista</span> <span class='ocrx_word' id='word_1_307' title='bbox 807 3831 867 3879; x_wconf 88' lang='lat' dir='ltr'>risus</span> <span class='ocrx_word' id='word_1_308' title='bbox 886 3830 1026 3878; x_wconf 86' lang='lat' dir='ltr'>tolerandus</span> <span class='ocrx_word' id='word_1_309' title='bbox 1094 3830 1110 3877; x_wconf 59' lang='grc' dir='ltr'>δ’</span> <span class='ocrx_word' id='word_1_310' title='bbox 1130 3828 1267 3892; x_wconf 88' lang='lat' dir='ltr'>implendus</span> <span class='ocrx_word' id='word_1_311' title='bbox 1336 3828 1368 3878; x_wconf 92' lang='grc'>11</span> <span class='ocrx_word' id='word_1_312' title='bbox 1389 3833 1481 3893; x_wconf 73' lang='lat' dir='ltr'>tanqut‘t</span> 
     </span>
     <span class='ocr_line' id='line_1_33' title="bbox 342 3915 1481 3984; baseline -0.002 -14"><span class='ocrx_word' id='word_1_313' title='bbox 342 3919 374 3970; x_wconf 76' lang='lat'>12</span> <span class='ocrx_word' id='word_1_314' title='bbox 394 3919 535 3982; x_wconf 84' lang='lat' dir='ltr'>impendere</span> <span class='ocrx_word' id='word_1_315' title='bbox 627 3917 658 3968; x_wconf 67' lang='lat' dir='ltr'>li)</span> <span class='ocrx_word' id='word_1_316' title='bbox 678 3921 738 3967; x_wconf 86' lang='lat' dir='ltr'>sciet</span> <span class='ocrx_word' id='word_1_317' title='bbox 757 3917 881 3971; x_wconf 80' lang='lat' dir='ltr'>inmerito</span> <span class='ocrx_word' id='word_1_318' title='bbox 901 3915 983 3970; x_wconf 82' lang='lat' dir='ltr'>Gertz</span> <span class='ocrx_word' id='word_1_319' title='bbox 1003 3915 1039 3984; x_wconf 83' lang='lat' dir='ltr'>ef.</span> <span class='ocrx_word' id='word_1_320' title='bbox 1062 3919 1102 3979; x_wconf 82' lang='lat'>13,</span> <span class='ocrx_word' id='word_1_321' title='bbox 1122 3919 1137 3968; x_wconf 88' lang='lat'>3</span> <span class='ocrx_word' id='word_1_322' title='bbox 1157 3932 1206 3965; x_wconf 89' lang='lat' dir='ltr'>non</span> <span class='ocrx_word' id='word_1_323' title='bbox 1226 3917 1335 3979; x_wconf 87' lang='lat' dir='ltr'>placebit</span> <span class='ocrx_word' id='word_1_324' title='bbox 1353 3916 1403 3965; x_wconf 86' lang='lat' dir='ltr'>sibi</span> <span class='ocrx_word' id='word_1_325' title='bbox 1422 3954 1429 3969; x_wconf 89' lang='lat'><strong>.</strong></span> <span class='ocrx_word' id='word_1_326' title='bbox 1450 3958 1456 3969; x_wconf 83' lang='lat'>,</span> <span class='ocrx_word' id='word_1_327' title='bbox 1476 3958 1481 3968; x_wconf 84' lang='grc'>,</span> 
     </span>
     <span class='ocr_line' id='line_1_34' title="bbox 251 4003 1482 4075; baseline 0.001 -20"><span class='ocrx_word' id='word_1_328' title='bbox 251 4009 306 4064; x_wconf 87' lang='lat' dir='ltr'>scit;</span> <span class='ocrx_word' id='word_1_329' title='bbox 327 4025 376 4055; x_wconf 92' lang='lat' dir='ltr'>non</span> <span class='ocrx_word' id='word_1_330' title='bbox 395 4016 505 4071; x_wconf 81' lang='lat' dir='ltr'>tangetur</span> <span class='ocrx_word' id='word_1_331' title='bbox 593 4008 638 4055; x_wconf 90' lang='lat' dir='ltr'>scit</span> <span class='ocrx_word' id='word_1_332' title='bbox 728 4009 775 4056; x_wconf 86' lang='lat' dir='ltr'>emi</span> <span class='ocrx_word' id='word_1_333' title='bbox 795 4004 984 4069; x_wconf 76' lang='lat' dir='ltr'>solereKoclt:</span> <span class='ocrx_word' id='word_1_334' title='bbox 1005 4022 1085 4054; x_wconf 72' lang='lat' dir='ltr'>emere</span> <span class='ocrx_word' id='word_1_335' title='bbox 1105 4005 1155 4070; x_wconf 80' lang='lat' dir='ltr'>(me</span> <span class='ocrx_word' id='word_1_336' title='bbox 1174 4004 1201 4056; x_wconf 79' lang='lat' dir='ltr'>m</span> <span class='ocrx_word' id='word_1_337' title='bbox 1220 4006 1287 4069; x_wconf 76' lang='lat' dir='ltr'>ras.)</span> <span class='ocrx_word' id='word_1_338' title='bbox 1320 4003 1383 4056; x_wconf 78' lang='lat' dir='ltr'>Non</span> <span class='ocrx_word' id='word_1_339' title='bbox 1397 4020 1482 4075; x_wconf 79' lang='lat' dir='ltr'>pecu.</span> 
     </span>
     <span class='ocr_line' id='line_1_35' title="bbox 252 4092 1482 4167; baseline -0.002 -20"><span class='ocrx_word' id='word_1_340' title='bbox 252 4095 329 4148; x_wconf 82' lang='lat' dir='ltr'>tiaris</span> <span class='ocrx_word' id='word_1_341' title='bbox 348 4094 483 4167; x_wconf 65' lang='lat' dir='ltr'>quaedem</span> <span class='ocrx_word' id='word_1_342' title='bbox 502 4093 608 4148; x_wconf 84' lang='lat' dir='ltr'>emendi</span> <span class='ocrx_word' id='word_1_343' title='bbox 625 4111 671 4149; x_wconf 84' lang='lat' dir='ltr'>res</span> <span class='ocrx_word' id='word_1_344' title='bbox 691 4094 802 4148; x_wconf 81' lang='lat' dir='ltr'>uenales</span> <span class='ocrx_word' id='word_1_345' title='bbox 821 4094 933 4147; x_wconf 83' lang='lat' dir='ltr'>scientie</span> <span class='ocrx_word' id='word_1_346' title='bbox 953 4094 1136 4164; x_wconf 72' lang='lat' dir='ltr'>riqrrifiratur,</span> <span class='ocrx_word' id='word_1_347' title='bbox 1161 4092 1212 4145; x_wconf 81' lang='lat' dir='ltr'>seri</span> <span class='ocrx_word' id='word_1_348' title='bbox 1233 4108 1324 4145; x_wconf 85' lang='lat' dir='ltr'>rerum</span> <span class='ocrx_word' id='word_1_349' title='bbox 1344 4093 1482 4146; x_wconf 66' lang='lat' dir='ltr'>recreatum</span> 
     </span>
     <span class='ocr_line' id='line_1_36' title="bbox 252 4181 1482 4254; baseline -0.002 -17"><span class='ocrx_word' id='word_1_350' title='bbox 252 4184 392 4237; x_wconf 79' lang='lat' dir='ltr'>emtionem</span> <span class='ocrx_word' id='word_1_351' title='bbox 411 4183 497 4237; x_wconf 83' lang='lat' dir='ltr'>cuiuis</span> <span class='ocrx_word' id='word_1_352' title='bbox 511 4183 635 4253; x_wconf 83' lang='lat' dir='ltr'>permitti</span> <span class='ocrx_word' id='word_1_353' title='bbox 651 4183 733 4254; x_wconf 79' lang='lat' dir='ltr'>idque</span> <span class='ocrx_word' id='word_1_354' title='bbox 751 4183 826 4238; x_wconf 81' lang='lat' dir='ltr'>illum</span> <span class='ocrx_word' id='word_1_355' title='bbox 838 4184 910 4236; x_wconf 80' lang='lat' dir='ltr'>scire</span> <span class='ocrx_word' id='word_1_356' title='bbox 976 4184 1007 4235; x_wconf 76' lang='lat' dir='ltr'>i&#39;i</span> <span class='ocrx_word' id='word_1_357' title='bbox 1026 4185 1094 4247; x_wconf 84' lang='lat' dir='ltr'>petiit</span> <span class='ocrx_word' id='word_1_358' title='bbox 1108 4181 1164 4234; x_wconf 61' lang='lat' dir='ltr'>Er:</span> <span class='ocrx_word' id='word_1_359' title='bbox 1183 4184 1244 4246; x_wconf 87' lang='lat' dir='ltr'>petit</span> <span class='ocrx_word' id='word_1_360' title='bbox 1304 4183 1362 4230; x_wconf 84' lang='lat' dir='ltr'>facit</span> <span class='ocrx_word' id='word_1_361' title='bbox 1382 4183 1482 4234; x_wconf 79' lang='lat' dir='ltr'>omisso</span> 
     </span>
     <span class='ocr_line' id='line_1_37' title="bbox 251 4270 1481 4343; baseline 0.002 -23"><span class='ocrx_word' id='word_1_362' title='bbox 251 4291 276 4321; x_wconf 89' lang='lat' dir='ltr'>se</span> <span class='ocrx_word' id='word_1_363' title='bbox 296 4275 462 4322; x_wconf 87' lang='lat' dir='ltr'>aduersarium</span> <span class='ocrx_word' id='word_1_364' title='bbox 487 4271 538 4325; x_wconf 82' lang='lat' dir='ltr'>sed</span> <span class='ocrx_word' id='word_1_365' title='bbox 556 4271 584 4325; x_wconf 79' lang='lat' dir='ltr'>in</span> <span class='ocrx_word' id='word_1_366' title='bbox 607 4273 730 4343; x_wconf 72' lang='lat' dir='ltr'>marqine</span> <span class='ocrx_word' id='word_1_367' title='bbox 753 4275 811 4322; x_wconf 86' lang='lat' dir='ltr'>facit</span> <span class='ocrx_word' id='word_1_368' title='bbox 835 4289 861 4322; x_wconf 91' lang='lat' dir='ltr'>se</span> <span class='ocrx_word' id='word_1_369' title='bbox 881 4274 1024 4322; x_wconf 74' lang='lat' dir='ltr'>aduersaris</span> <span class='ocrx_word' id='word_1_370' title='bbox 1044 4287 1078 4328; x_wconf 77' lang='lat' dir='ltr'>m,</span> <span class='ocrx_word' id='word_1_371' title='bbox 1097 4270 1143 4323; x_wconf 83' lang='lat' dir='ltr'>atr.</span> <span class='ocrx_word' id='word_1_372' title='bbox 1185 4310 1189 4338; x_wconf 45' lang='lat'>¹.</span> <span class='ocrx_word' id='word_1_373' title='bbox 1238 4270 1269 4320; x_wconf 67' lang='lat' dir='ltr'>til</span> <span class='ocrx_word' id='word_1_374' title='bbox 1289 4271 1399 4334; x_wconf 86' lang='lat' dir='ltr'>colapho</span> <span class='ocrx_word' id='word_1_375' title='bbox 1421 4270 1481 4324; x_wconf 82' lang='lat' dir='ltr'>cod.</span> 
     </span>
     <span class='ocr_line' id='line_1_38' title="bbox 252 4358 1391 4430; baseline -0.003 -20"><span class='ocrx_word' id='word_1_376' title='bbox 252 4362 365 4424; x_wconf 89' lang='lat' dir='ltr'>colaphis</span> <span class='ocrx_word' id='word_1_377' title='bbox 384 4361 466 4430; x_wconf 61' lang='lat' dir='ltr'>uulpo</span> <span class='ocrx_word' id='word_1_378' title='bbox 552 4361 584 4414; x_wconf 53' lang='lat'>&gt;19</span> <span class='ocrx_word' id='word_1_379' title='bbox 605 4363 640 4411; x_wconf 93' lang='lat' dir='ltr'>illi</span> <span class='ocrx_word' id='word_1_380' title='bbox 659 4379 687 4410; x_wconf 94' lang='lat' dir='ltr'>os</span> <span class='ocrx_word' id='word_1_381' title='bbox 707 4362 727 4429; x_wconf 84' lang='lat' dir='ltr'>(i</span> <span class='ocrx_word' id='word_1_382' title='bbox 746 4380 773 4411; x_wconf 89' lang='lat' dir='ltr'>os</span> <span class='ocrx_word' id='word_1_383' title='bbox 793 4363 819 4413; x_wconf 81' lang='lat' dir='ltr'>ire</span> <span class='ocrx_word' id='word_1_384' title='bbox 839 4364 907 4424; x_wconf 81' lang='lat' dir='ltr'>ras.)</span> <span class='ocrx_word' id='word_1_385' title='bbox 999 4360 1032 4412; x_wconf 72' lang='lat'>24</span> <span class='ocrx_word' id='word_1_386' title='bbox 1052 4377 1137 4409; x_wconf 85' lang='lat' dir='ltr'>omnes</span> <span class='ocrx_word' id='word_1_387' title='bbox 1159 4358 1255 4412; x_wconf 75' lang='lat' dir='ltr'>Gertz:</span> <span class='ocrx_word' id='word_1_388' title='bbox 1277 4361 1391 4408; x_wconf 83' lang='lat' dir='ltr'>homines</span> 
     </span>
     <span class='ocr_line' id='line_1_39' title="bbox 252 4447 1480 4517; baseline -0.001 -19"><span class='ocrx_word' id='word_1_389' title='bbox 252 4468 300 4498; x_wconf 81' lang='lat' dir='ltr'>non</span> <span class='ocrx_word' id='word_1_390' title='bbox 320 4453 338 4498; x_wconf 90' lang='lat' dir='ltr'>it</span> <span class='ocrx_word' id='word_1_391' title='bbox 358 4451 518 4504; x_wconf 77' lang='lat' dir='ltr'>deteriores:</span> <span class='ocrx_word' id='word_1_392' title='bbox 540 4455 581 4500; x_wconf 80' lang='lat' dir='ltr'>iiut</span> <span class='ocrx_word' id='word_1_393' title='bbox 601 4451 639 4516; x_wconf 85' lang='lat' dir='ltr'>(in</span> <span class='ocrx_word' id='word_1_394' title='bbox 658 4452 725 4517; x_wconf 84' lang='lat' dir='ltr'>ras.)</span> <span class='ocrx_word' id='word_1_395' title='bbox 793 4451 825 4502; x_wconf 67' lang='lat' dir='ltr'>eff»</span> <span class='ocrx_word' id='word_1_396' title='bbox 845 4451 933 4512; x_wconf 87' lang='lat' dir='ltr'>sydera</span> <span class='ocrx_word' id='word_1_397' title='bbox 1003 4451 1036 4501; x_wconf 63' lang='lat' dir='ltr'>‘lb&#39;</span> <span class='ocrx_word' id='word_1_398' title='bbox 1055 4456 1148 4498; x_wconf 88' lang='lat' dir='ltr'>eruetur</span> <span class='ocrx_word' id='word_1_399' title='bbox 1168 4447 1332 4500; x_wconf 82' lang='lat' dir='ltr'>deteriores:</span> <span class='ocrx_word' id='word_1_400' title='bbox 1356 4458 1480 4498; x_wconf 76' lang='lat' dir='ltr'>erueretur</span> 
     </span>
    </p>
   </div>
   <div class='ocr_carea' id='block_1_5' title="bbox 0 0 1533 5092">
    <p class='ocr_par' dir='ltr' id='par_1_9' title="bbox 0 0 1533 5092">
     <span class='ocr_line' id='line_1_40' title="bbox 0 0 1533 5092; baseline 0 0"><span class='ocrx_word' id='word_1_401' title='bbox 0 0 1533 5092; x_wconf 95' lang='lat' dir='ltr'> </span> 
     </span>
    </p>
   </div>
  </div>
 </body>
</html>
