3046 5092
237 350 316 394 DIAL.
332 349 372 391 lx.
400 350 443 392 Ao
458 350 601 393 scaturit
617 352 656 392 DE
670 351 936 403 TRANQVILLITATE
952 352 1049 396 ANIMI.
1080 355 1110 396 1¹1.
1217 358 1283 419 219
1301 391 1304 399 .

58 517 127 559 cum
152 495 289 577 puerulis
305 494 455 560 Socrates
470 496 579 560 ludere
595 519 659 560 non
676 496 892 573 erubescebat,
916 507 948 560 et
965 495 1046 560 Cato
1062 499 1136 560 uino
1152 496 1284 561 laxabat

58 604 197 665 animum
229 604 310 665 curis
340 600 471 684 publicis
499 589 683 683 fatigatum,
719 614 753 668 et
783 603 890 686 Scipio
920 602 1110 686 triumphale
1140 603 1215 665 illud
1246 624 1285 665 ac

58 709 193 772 militare
215 729 329 790 corpus
353 710 454 771 mouit
476 710 519 773 ad
541 731 706 786 numeros,
736 731 800 772 non
824 709 961 772 molliter
983 731 1019 772 se
1041 707 1226 789 infringens,
1250 716 1284 770 ut

57 835 139 878 nunc
163 835 235 877 mos
258 824 307 878 est
329 818 426 878 etiam
449 817 571 878 incessu
591 819 661 898 ipso
682 816 763 880 ultra
779 815 964 879 muliebrem
981 815 1145 879 mollitiam
1162 813 1282 876 fluenti-

57 922 129 997 bus,
153 922 213 983 sed
236 931 271 984 ut
294 924 412 1004 antiqui
435 922 476 984 illi
499 923 554 985 uiri
577 923 723 986 solebant
746 926 826 985 inter
848 922 951 986 lusum
974 943 1012 985 ac
1034 920 1115 984 festa
1137 928 1311 1001 temporat>

57 1028 177 1091 uirilem
201 1031 232 1090 in
255 1027 386 1092 modum
410 1030 595 1111 tripudiare,
619 1050 684 1092 non
707 1028 817 1093 facturi
841 1029 1075 1103 detrimentum,
1098 1028 1220 1090 etiamsi
1242 1025 1284 1088 ab

29 1134 204 1202 bhostibus
234 1136 296 1198 suis
327 1145 551 1217 spectarentur.
575 1137 705 1200 'danda
733 1145 782 1199 est
809 1136 919 1199 animis
943 1135 1105 1199 remissio:
1139 1133 1285 1196 meliores

56 1243 257 1323 acrioresque
272 1242 402 1323 requieti
418 1251 557 1324 surgent.
594 1252 629 1306 ut
644 1241 795 1306 fertilibus
810 1244 894 1323 agris
909 1263 974 1304 non
990 1251 1039 1304 est
1054 1241 1284 1323 imperandum,

56 1350 118 1411 cito
143 1349 227 1410 enim
251 1347 321 1410 illos
336 1346 502 1412 exhauriet
517 1371 690 1432 numquam
706 1349 883 1412 intermissa
898 1347 1081 1424 fecunditas,
1104 1348 1147 1410 ita
1161 1348 1282 1409 animo-
1320 1423 1324 1429 ι

56 1474 125 1516 rum
149 1455 273 1536 inpetus
297 1455 447 1516 adsiduus
469 1454 560 1517 labor
580 1454 712 1536 franget
751 1456 832 1517 uires
848 1455 997 1536 recipient
1012 1453 1140 1538 paulum
1156 1454 1283 1518 resoluti
1300 1472 1323 1511 ¹⁰

56 1571 88 1624 et
118 1560 249 1623 remissi.
296 1561 432 1623 nascitur
463 1582 505 1623 ex
536 1563 724 1624 adsiduitate
751 1560 897 1624 laborum
920 1561 1096 1624 animorum
1120 1560 1283 1624 hebetatio

28 1681 41 1731 ti
56 1667 216 1750 quaedam
231 1660 264 1729 ¹et
278 1667 420 1748 languor.
462 1688 522 1731 nec
538 1669 580 1730 ad
595 1666 658 1730 hoc
673 1677 762 1731 tanta
777 1666 941 1730 hominum
958 1668 1112 1749 cupiditas
1128 1669 1283 1742 tenderet,

56 1774 112 1836 nisi
129 1772 305 1836 naturalem
322 1775 482 1854 quandam
499 1773 696 1855 uoluptatem
712 1772 845 1836 haberet
860 1773 943 1836 lusus
959 1774 1116 1855 iocusque.
1147 1794 1281 1856 quorum

56 1880 203 1962 frequens
233 1901 306 1942 usus
338 1901 435 1943 omne
462 1882 572 1943 animis
594 1883 720 1962 pondus
744 1901 936 1962 omnemque
960 1880 1023 1942 uim
1047 1880 1173 1961 eripiet:
1208 1901 1282 1942 nam

42 1996 87 2049 et
118 2007 251 2049 somnus
281 1986 443 2050 refectioni
471 1989 662 2050 necessarius
692 1997 758 2050 est:
792 1985 875 2049 hunc
898 1996 1005 2049 tamen
1028 2007 1155 2068 semper
1177 1987 1203 2048 si
1226 2007 1282 2067 per
1300 2003 1322 2042 ιδ

56 2095 142 2155 diem
167 2102 360 2175 noctemque
383 2095 561 2169 continues,
593 2114 680 2156 mors
703 2095 768 2156 erit.
815 2093 948 2156 multum
972 2093 1116 2182 interest,
1140 2094 1283 2156 remittas

29 2199 191 2281 taliquid,
222 2219 261 2261 an
290 2199 405 2262 soluas.
450 2200 557 2281 legum
586 2202 768 2263 conditores
792 2200 890 2263 festos
913 2200 1111 2263 instituerunt
1135 2200 1217 2274 dies,
1250 2210 1284 2263 ut

55 2307 97 2368 ad
120 2304 310 2368 hilaritatem
334 2306 477 2369 homines
500 2306 625 2388 publice
649 2317 853 2387 cogerentur,
885 2317 1049 2388 tamquam
1073 2307 1283 2368 necessarium

54 2412 217 2476 laboribus
246 2413 481 2495 interponentes
504 2423 801 2496 temperamentum.
849 2424 882 2477 et
905 2415 1027 2495 magni,
1057 2422 1092 2474 ut
1115 2413 1197 2487 dixi,
1227 2412 1283 2474 uiri

55 2519 185 2602 quidam
210 2518 268 2580 sibi
282 2524 468 2581 'menstruas
491 2521 582 2582 certis
606 2519 717 2582 diebus
740 2519 831 2583 ferias
855 2521 987 2595 dabant,
1010 2520 1138 2601 quidam
1161 2516 1279 2580 nullum
1295 2532 1322 2573 2⁰

55 2607 129 2688 non·
156 2626 241 2687 diem
276 2626 357 2688 inter
387 2627 498 2688 otium·
519 2635 550 2688 et
582 2647 672 2688 curas
703 2627 895 2689 diuidebant.
949 2625 1074 2707 qualem
1106 2622 1280 2686 Pollionem

55 2733 203 2796 Asinium
236 2735 405 2811 [oratorem
438 2737 598 2814 magnum]
633 2734 848 2809 meminimus,
879 2753 973 2815 quem
1005 2731 1090 2794 nulla
1120 2751 1169 2792 res
1200 2730 1282 2793 ultra

55 2841 225 2902 decumam
250 2840 390 2901 detinuit.
436 2839 648 2921 neepistulas
671 2841 799 2922 quidem
823 2850 897 2922 post
921 2860 991 2901 eam
1015 2839 1127 2900 horam
1143 2837 1281 2918 legebat,

54 2967 94 3008 ne
118 2946 195 3027 quid
218 2966 322 3007 nouae
343 2965 435 3007 curae
451 2956 640 3022 nasceretur,
663 2949 721 3009 sed
738 2949 834 3009 totius
851 2947 912 3009 diei
927 2944 1140 3008 lassitudinem
1157 2943 1281 3006 duabus
1354 3019 1356 3024 Ι

54 3052 111 3116 illis
142 3050 227 3114 horis
254 3051 405 3133 ponebat.
451 3053 579 3134 quidam
604 3054 710 3115 medio
734 3055 785 3115 die
809 3053 1058 3127 interiunxerunt
1082 3052 1167 3113 etin
1191 3060 1320 3131 post-³2⁵

55 3159 245 3222 meridianas
267 3156 363 3220 horas
386 3158 502 3239 aliquid
525 3161 648 3222 leuioris
672 3181 788 3241 operae
812 3158 1004 3222 distulerunt.
1051 3157 1186 3220 maiores
1202 3178 1280 3238 quo-

54 3286 116 3347 que
140 3265 240 3326 nostri
263 3284 380 3355 nouam
405 3264 589 3327 relationem
613 3275 687 3347 post
709 3265 822 3328 horam
846 3267 1014 3328 decumam
1038 3264 1068 3326 in
1088 3273 1200 3326 senatu
1215 3264 1281 3327 fieri

54 3369 216 3434 uetabant.
265 3369 354 3433 miles
377 3371 496 3451 uigilias
520 3372 630 3434 diuidit
654 3382 686 3435 et
709 3394 776 3434 nox
800 3373 933 3434 inmunis
957 3380 1005 3434 cst
1021 3370 1062 3434 ab
1078 3372 1282 3455 expeditione

26 3476 263 3544 &redeuntium
317 3476 543 3558 indulgendum
572 3488 620 3541 est
643 3480 749 3540 animo
774 3479 978 3560 dandumque
1008 3476 1141 3540 subinde
1172 3479 1281 3553 otium,

55 3583 144 3664 quod
174 3582 313 3645 alimenti
344 3603 381 3644 ac
412 3585 523 3645 uirium
554 3584 626 3646 loco
657 3585 704 3645 sit.
750 3593 783 3646 et
813 3585 843 3645 in
877 3583 1144 3646 ambulationibus
1166 3584 1281 3666 apertis
1295 3602 1321 3640 m

56 3689 255 3769 uagandum,
287 3696 320 3749 ut
352 3689 440 3751 caelo
464 3689 564 3752 libero
588 3698 620 3751 et
643 3689 743 3751 multo
767 3690 874 3771 spiritu
898 3698 1014 3768 augeat
1037 3689 1223 3771 attollatque
1246 3709 1281 3751 se

56 3798 186 3857 animus.
225 3793 393 3875 aliquando
415 3797 551 3857 uectatio
573 3796 692 3877 iterque
709 3803 741 3857 et
757 3803 878 3856 mutata
894 3795 981 3874 regio
998 3795 1142 3875 uigorem
1160 3795 1278 3856 dabunt

57 3895 280 3981 cbnuictusque
304 3909 336 3963 et
359 3899 515 3963 liberalior
536 3902 635 3984 potio
680 3920 918 3983 nonnumquam
942 3909 975 3963 et
997 3920 1096 3982 usque
1119 3900 1159 3961 ad
1181 3900 1279 3962 ebrie-

36 4106 38 4110 ‘
59 4095 73 4146 3
94 4096 174 4145 mouit
192 4090 221 4146 Ε
227 4095 249 4143 ¹:
270 4101 354 4144 mouet
443 4094 459 4145 8
484 4095 608 4159 requieti*
698 4093 733 4147 10
757 4097 861 4159 impetus
952 4094 983 4145 11
1008 4094 1102 4143 remissi
1121 4090 1149 4144 ll
1154 4095 1177 4142 ¹:
1199 4094 1280 4143 emissi

163 4183 334 4234 exassiduitdte
354 4182 392 4250 (in
411 4197 506 4252 ritarq„
525 4199 559 4238 m.
579 4187 595 4235 2
614 4188 644 4236 uf
662 4182 778 4249 uidetur,
797 4183 891 4248 laboti)
987 4183 1113 4246 hebetatio
1205 4180 1235 4234 15
1261 4184 1281 4232 si
1328 4189 1335 4196 '

60 4291 98 4338 per
123 4276 190 4323 diem
215 4271 316 4341 Neon:
343 4274 364 4322 si
388 4273 453 4321 diem
562 4273 596 4326 22
622 4275 701 4324 asinii]
730 4273 856 4342 (praeter
881 4287 907 4321 as
931 4271 959 4323 in
979 4271 1047 4336 ras.)
1155 4275 1279 4319 oratorem

61 4379 174 4428 magnum
194 4361 270 4415 uncis
288 4361 399 4415 inclusit
418 4360 511 4415 Haase
609 4364 763 4412 meminimus
782 4360 820 4426 (in
839 4361 908 4428 ras.)
999 4359 1033 4413 23
1058 4360 1160 4411 detinuit
1180 4356 1277 4414 Gertz:

62 4453 152 4502 retinuit
243 4449 277 4505 30
297 4453 430 4502 alimentis
450 4452 514 4517 (ras.
536 4467 595 4504 cnm
610 4466 704 4523 parua
722 4449 833 4512 lacuna)
909 4487 912 4493 -
