3046 5092
278 337 357 384 DlAL.
371 336 411 382 lX.
439 338 481 379 AD
496 335 638 379 scRannt
655 336 694 376 DE
707 333 974 387 TRANQVILLITATE
989 336 1085 378 ANIMI.
1116 340 1133 380 l.
1148 339 1169 380 2.
1272 345 1333 406 195

104 507 149 549 ne
180 485 332 576 paulatim
362 483 500 547 defluam
525 503 651 557 uereor,
683 493 737 546 aut
759 484 847 565 quod
870 494 919 546 est
942 484 1116 560 sollicitius,
1147 506 1187 547 ne
1210 482 1336 567 semper

104 612 223 655 casuro
253 573 360 653 similis
389 591 546 671 pendeam
577 600 610 652 et
637 589 707 671 plus
730 589 864 652 sortasse
886 593 926 652 sit
949 611 1044 671 quam
1067 591 1153 673 quod
1176 595 1242 673 ipse
1265 613 1334 672 per-

105 700 213 761 uideo.
259 696 451 760 familiariter
481 699 564 757 enim
597 698 773 759 domestica
803 697 991 776 adspicimus
1020 707 1053 760 et
1076 718 1202 779 semper
1223 699 1336 760 iudicio

50 822 83 876 16
106 806 203 869 fauor
232 803 337 866 officit.
383 811 461 887 puto
494 801 612 865 multos
634 805 775 885 potuisse
799 803 841 865 ad
863 806 1049 885 sapientiam
1072 807 1250 886 peruenire,
1281 805 1338 865 nisi

70 919 74 930 '
105 920 277 995 putassent
291 929 326 971 se
341 910 529 992 peruenisse,
545 909 603 970 nisi
617 911 774 989 quaedam
790 912 821 970 in
844 930 878 971 se
902 909 1156 985 dissimulassent,
1180 910 1337 992 quaedam
1352 922 1365 960 ⁵

108 1020 233 1099 opertis
247 1014 344 1078 oculis
359 1014 594 1078 transiluissent.
626 1034 689 1076 non
706 1024 755 1077 est
772 1018 863 1090 enirn,
887 1018 975 1096 quod
991 1019 1092 1098 magis
1108 1016 1208 1078 aliena
1222 1017 1339 1077 iudices

108 1123 295 1188 adulatione
321 1141 380 1184 nos
403 1124 503 1203 perire
526 1119 621 1202 quam
645 1130 762 1183 nostra.
810 1123 879 1202 quis
903 1121 960 1184 sibi
984 1143 1094 1185 uerum
1119 1123 1223 1185 dicere
1246 1141 1339 1182 ausus

109 1233 184 1293 est?
207 1230 276 1311 quis
298 1247 363 1289 non
384 1227 466 1290 inter
487 1227 683 1289 laudantium
699 1226 988 1308 blandientiumque
1004 1210 1126 1309 positus
1141 1247 1256 1309 greges
1272 1225 1338 1306 plu-

50 1352 85 1405 17
109 1338 229 1398 rimum
251 1343 359 1396 tamen
382 1332 441 1395 sibi
464 1334 531 1414 ipse
554 1334 738 1394 adsentatus
761 1337 830 1395 est?
855 1353 936 1414 rogo
959 1335 1073 1414 itaque,
1096 1335 1122 1394 si
1137 1335 1224 1414 quod
1240 1331 1340 1394 habes

76 1472 82 1479 ‚
110 1441 291 1504 remedium
314 1459 379 1521 quo
401 1439 483 1500 hanc
506 1438 742 1500 fluctuationem
767 1459 871 1500 meam
895 1440 995 1515 sistas,
1019 1440 1149 1520 dignum
1170 1459 1223 1501 me
1238 1447 1340 1520 putes,
1358 1448 1381 1489 1⁰
1450 1466 1453 1473 ·

111 1549 169 1628 qui
192 1546 248 1607 tibi
271 1543 526 1625 tranquillitatem
550 1544 695 1605 debeam.
742 1563 806 1605 non
829 1565 899 1605 esse
921 1544 1114 1625 periculosos
1144 1544 1203 1606 hos
1236 1551 1355 1632 motus

112 1641 211 1714 animi
233 1651 482 1732 necquicquam
504 1648 689 1710 tumultuosi
712 1648 882 1711 adferentis
905 1640 978 1712 scio
1017 1660 1052 1712 ut
1076 1671 1151 1712 uera
1165 1650 1222 1713 tibi
1237 1648 1340 1711 simili·
1424 1691 1441 1698 ,-

113 1758 226 1820 tudine
248 1757 296 1831 id,
320 1757 362 1817 de
385 1775 449 1838 quo
473 1775 603 1836 queror,
635 1757 828 1838 exprimam,
852 1777 915 1817 non
939 1765 1129 1838 tempestate
1153 1777 1262 1830 uexor,
1285 1755 1342 1816 sed

114 1882 254 1925 nausea:
280 1860 413 1924 detrahe
435 1881 529 1942 ergo,
553 1862 704 1942 quidquid
728 1860 790 1922 hoc
813 1871 861 1923 est
885 1860 966 1937 mali,
990 1871 1023 1924 et
1045 1883 1191 1925 succurre
1213 1864 1243 1923 in
1268 1882 1340 1922 con-

114 1977 229 2052 spectu
252 1977 406 2030 terrarum
429 1966 593 2029 laboranti.
1359 1981 1383 2020 1⁵

76 2096 89 2145 ⁴1
210 2074 246 2136 II.
280 2071 452 2154 [SENECA]
500 2072 629 2154 Quaero
651 2071 869 2134 mehercules
892 2071 1105 2149 iamdudum,
1128 2073 1254 2149 Serene,
1278 2074 1345 2154 ipse
1463 2055 1467 2063 ¹

117 2183 248 2255 tacitus,
265 2180 313 2242 cui
336 2180 432 2242 talem
456 2178 614 2241 adiectum
638 2179 732 2241 animi
755 2179 887 2241 similem
911 2189 1038 2261 putem,
1062 2201 1121 2242 nec
1143 2179 1195 2242 ulli
1218 2180 1345 2261 propius

118 2288 317 2350 admouerim
341 2284 493 2366 exemplo
516 2305 610 2366 quam
632 2306 762 2361 eorum,
777 2287 829 2366 qui
845 2307 888 2346 ex
904 2286 1001 2367 longa
1016 2296 1048 2349 et
1064 2287 1151 2368 graui
1167 2287 1346 2348 ualetudine

120 2393 259 2474 expliciti
289 2391 488 2454 motiunculis
517 2390 701 2472 lenibusque
734 2393 857 2453 interim
889 2392 1017 2455 offensis
1041 2396 1292 2474 perstringuntur
1314 2401 1347 2454 et

121 2520 193 2562 cum
210 2498 354 2580 reliquias
377 2497 565 2578 effugerunt,
588 2497 815 2578 suspicionibus
839 2507 947 2560 tamen
971 2499 1182 2580 inquietantur
1205 2501 1345 2560 medicis·
1361 2499 1387 2550 ²⁰

120 2627 182 2689 que
213 2607 276 2667 iam
307 2604 372 2666 sani
398 2624 534 2666 manum
564 2604 728 2684 porrigunt
760 2614 791 2665 et
821 2624 950 2666 omnem
974 2604 1113 2668 calorem
1137 2607 1278 2686 corporis
1301 2605 1349 2665 sui

122 2712 358 2775 calumniantur.
404 2709 528 2784 horum,
550 2708 682 2799 Serene,
700 2730 764 2771 non
788 2730 899 2791 parum
923 2731 1034 2773 sanum
1059 2720 1107 2773 est
1130 2733 1259 2793 eorpus,
1291 2711 1348 2772 sed

122 2818 248 2881 sanitati
277 2836 388 2898 parum
413 2817 573 2878 adsueuit:
607 2817 687 2877 sicut
710 2825 758 2878 est
781 2818 910 2898 quidam
934 2828 1053 2879 tremor
1076 2820 1171 2880 etiam
1195 2816 1349 2898 tranquilli

85 2926 233 2998 amaris,
277 2925 385 3005 utique
417 2923 513 3004 [lacus
522 2920 541 3007 ,l
574 2943 645 2984 cum
677 2944 719 2984 ex
750 2929 941 3004 tempestate
971 2926 1130 3006 requieuit.
1191 2942 1281 3007 opus.
1302 2933 1350 2987 est

122 3034 229 3112 itaque
259 3050 324 3091 non
355 3030 412 3090 illis
443 3030 636 3104 durioribus,
666 3050 748 3110 quae
771 3031 833 3091 iam
857 3031 1150 3107 transcucurrimus,
1183 3040 1217 3093 ut
1240 3030 1350 3092 alicubi
1365 3041 1391 3079 ²5

123 3138 235 3199 obstes
272 3134 345 3210 tibi,
384 3127 496 3197 alicubi
534 3136 690 3210 irascaris,
731 3135 844 3196 alicubi
887 3139 984 3198 instes
1027 3139 1149 3216 grauis:
1193 3139 1249 3199 sed
1289 3136 1351 3211 illo,
1391 3199 1393 3205 ,

123 3244 213 3325 quod
243 3240 389 3304 ultimum
420 3243 522 3316 uenit,
554 3250 589 3303 ut
618 3241 716 3303 fidem
748 3241 804 3303 tibi
834 3242 954 3304 habeas
987 3251 1018 3304 et
1048 3252 1134 3305 reeta
1164 3244 1208 3305 ire
1237 3251 1271 3305 te
1302 3243 1353 3305 uia

124 3350 245 3423 credas,
269 3346 344 3409 nihil
367 3357 518 3408 auocatus
541 3348 724 3409 transuersis
748 3346 921 3408 multorum
944 3348 1082 3428 uestigiis
1101 3350 1219 3429 passim
1236 3351 1350 3411 discur-

87 3472 104 3525 3
125 3455 277 3528 rentium,
301 3455 500 3535 quorundam
524 3455 606 3514 circa
628 3455 728 3533 ipsam
752 3453 921 3514 errantium
946 3454 1036 3515 uiam.
1083 3455 1170 3535 quod
1193 3454 1353 3517 desideras

125 3568 244 3630 autem,
276 3542 427 3638 magnum
459 3566 491 3620 et
521 3578 681 3620 summum
712 3566 761 3618 est
792 3558 932 3647 deoque
949 3560 1099 3635 uicinum,
1130 3581 1194 3622 non
1219 3561 1352 3622 concuti.
1368 3575 1393 3615 30

220 3773 232 3821 l
261 3785 346 3819 uereor
364 3776 404 3818 aut
423 3766 590 3823 deteriores:
611 3771 707 3818 ueriora
725 3775 751 3818 ut
858 3769 874 3823 2
897 3771 967 3834 peius
988 3767 1069 3823 Gertz
1087 3771 1145 3824 sine
1164 3785 1248 3824 causa

126 3860 142 3914 3
170 3859 303 3925 aspicimus
411 3857 427 3910 7
453 3859 594 3909 adulatione
611 3875 657 3908 nos
675 3872 747 3911 unus
765 3855 946 3912 deteriorum:
974 3860 1115 3909 adulatione
1134 3876 1184 3913 om.
1203 3877 1249 3909 nos

858 3958 870 3984 G

128 4001 161 4054 11
187 4001 339 4066 periculosos
358 4001 404 4049 hos
422 3997 515 4053 Koch:
542 3976 691 4065 periculosos
776 3998 809 4052 13
828 4016 889 4049 uxor
946 4032 947 4036 =
980 3999 1013 4052 14
1031 4018 1123 4050 nausea
1142 4004 1166 4065 (e
1179 4000 1266 4067 corr.)

127 4089 221 4154 quich
329 4087 364 4141 20
381 4089 473 4139 medici
485 4104 523 4154 sq;
545 4094 618 4153 (unte
629 4106 641 4137 s
654 4086 761 4158 aliquid
778 4089 898 4153 aarum)
1006 4090 1038 4143 21
1060 4093 1170 4155 corporis
1190 4078 1352 4142 deteriores}

771 4173 832 4215 lacus
1090 4173 1092 4176 ⁴

129 4232 250 4314 corpori.
338 4228 372 4282 24
396 4232 478 4295 utique
497 4247 552 4280 cum
572 4227 679 4283 Haase:
709 4236 781 4294 utque
817 4237 850 4281 cti
959 4228 994 4282 25
1017 4236 1079 4296 quae
1098 4233 1148 4291 iam
1167 4227 1264 4299 Pinpel
1280 4226 1358 4297 apud

130 4315 318 4387 Madm'qium:
345 4334 391 4383 que
410 4327 433 4368 et
453 4317 479 4369 ui
569 4319 660 4368 alicubi
679 4316 845 4371 deteriores:
867 4320 963 4368 alicube
982 4324 1024 4371 ter
1113 4319 1148 4372 26
1167 4319 1210 4368 illo
1231 4317 1353 4386 Lipsius:

131 4425 191 4472 illud
281 4422 316 4476 28
335 4425 476 4473 transuersis
495 4422 592 4494 uulqo:
614 4425 744 4473 transuersi
833 4423 867 4477 29
886 4407 937 4489 ulla

1090 4512 1122 4565 13
1130 4513 1144 4547 *
