3060 5078
527 292 606 333 DlAL.
622 291 663 335 111.
696 290 736 330 DE
750 290 802 331 IRA
817 291 872 332 ΗΒ.
887 291 905 332 l.
928 293 959 333 19.
974 295 1009 334 20.
1331 300 1372 360 53

870 384 882 409 .

135 439 218 501 ¹facit
241 440 378 520 quisquis
402 458 518 501 uacuus
541 439 586 500 ira
609 439 753 500 meritam
777 439 889 519 cuique
903 446 1050 521 'poenam
1065 439 1204 518 iniungit.
1244 439 1373 500 dimittit

131 544 134 550 ’
147 565 241 627 saepe
254 564 336 621 eum,
350 546 435 607 cuius
449 553 616 626 peccatum
633 545 811 627 deprendit,
826 545 851 606 si
864 544 1056 625 paenitentia
1068 542 1141 606 facti
1150 564 1243 626 spem
1252 544 1372 607 bonam

148 650 320 732 pollicetur,
335 651 361 713 si
376 633 527 731 intellegit
542 671 608 712 non
624 671 665 712 ex
677 649 742 712 alto
754 651 860 712 uenire
869 651 1049 732 nequitiam,
1065 652 1123 712 sed
1134 671 1269 726 summ0,
1285 652 1372 732 quod

147 758 240 832 aiunt,
266 757 373 819 animo
388 757 559 819 inhaerere.
597 756 687 819 dabit
701 757 908 838 inpunitatem
924 777 983 819 nec
1006 757 1228 837 accipientibus
1251 757 1371 818 nocitu-

105 872 130 926 6
148 883 215 924 ram
232 883 291 924 nec
305 862 461 925 dantibus.¹
505 883 743 944 nonnumquam
760 882 878 943 magna
892 863 1012 924 scelera
1027 860 1124 924 leuius
1140 883 1235 944 quam
1251 864 1399 928 minoras

147 978 325 1052 conpescet,
341 970 367 1030 si
381 968 433 1030 illa
448 969 545 1050 lapsu,
562 990 626 1030 non
642 968 828 1032 crudelitate
844 970 1015 1031 commissa
1026 978 1106 1044 sunt,
1122 969 1171 1030 his
1183 970 1264 1031 inest
1272 968 1373 1031 latens

149 1083 179 1137 et
209 1086 323 1158 operta
353 1085 385 1138 et
416 1076 590 1138 inueterata
619 1074 780 1137 calliditas.
826 1075 911 1138 idem
933 1074 1083 1137 delictum
1106 1077 1137 1136 in
1160 1075 1285 1138 duobus
1308 1096 1373 1137 non

151 1181 264 1244 eodem
304 1180 389 1243 malo
427 1181 565 1257 adficiet,
604 1183 630 1243 si
660 1181 739 1243 alter
769 1201 826 1263 per
856 1182 1091 1262 neglegentiam
1122 1182 1262 1257 admisit,
1294 1181 1373 1243 alter

112 1289 268 1350 icurauit
305 1297 340 1350 ut
374 1307 493 1350 nocens
532 1270 648 1350 essets
675 1287 739 1349 hoc
768 1307 895 1370 semper
925 1289 954 1348 in
986 1288 1074 1349 omni
1101 1288 1373 1350 animaduersione

151 1395 293 1470 seruabit,
323 1403 358 1455 ut
380 1396 458 1456 sciat
480 1392 612 1456 alteram
636 1393 788 1468 adhiberi,
811 1402 846 1455 ut
869 1394 1019 1455 emendet
1043 1392 1153 1468 malos,
1176 1392 1316 1469 alteram,
1340 1403 1374 1455 ut
1391 1417 1414 1458 ro

152 1500 248 1563 tollat.
293 1501 325 1562 in
355 1510 490 1583 utroque
512 1521 577 1562 non
599 1501 777 1582 praeterita,
800 1500 858 1562 sed
881 1498 983 1562 futura
1005 1499 1184 1562 intuebitur.
1233 1521 1316 1573 nam,
1341 1509 1374 1560 ut

152 1605 238 1669 Plato
254 1607 306 1681 ait,
322 1626 412 1668 nemo
427 1607 575 1686 prudens
591 1607 696 1686 punit,
721 1607 797 1689 quio
814 1616 982 1686 peccatum
1004 1616 1060 1683 est,
1085 1606 1202 1668 sedne
1217 1616 1372 1685 peccetur.

151 1713 296 1776 reuocari
316 1713 400 1774 enim
416 1714 596 1792 praeterita
620 1733 681 1775 non
697 1722 842 1793 possunt,
859 1714 981 1790 futura
997 1709 1217 1793 prohibentur.
1246 1721 1278 1774 et
1294 1733 1374 1793 quos

150 1820 235 1882 uolet
264 1821 418 1900 nequitiae
449 1819 533 1882 male
563 1821 705 1883 cedentis
736 1819 885 1901 exempla
908 1819 986 1894 fieri,
1017 1818 1123 1901 palam
1148 1819 1285 1892 occidet,
1309 1838 1374 1879 non

104 1925 130 1978 8
146 1935 272 1990 tantum
301 1936 335 1987 ut
365 1935 496 2008 pereant
518 1928 592 2010 ipsi,
623 1928 681 1989 sed
708 1935 749 1989 ut
774 1925 851 1988 alios
873 1927 1038 2007 pereundo
1061 1927 1249 1989 deterreant.
1295 1924 1374 1986 haec
1390 1945 1413 1984 n

145 2035 195 2096 cui
234 2034 447 2115 expendenda
481 2035 737 2114 aestimandaque
767 2041 851 2108 sunt,
893 2035 982 2095 uides
1013 2053 1108 2114 quam
1141 2016 1257 2094 debeat
1288 2032 1375 2093 omni

144 2139 386 2220 perturbatione
409 2139 488 2201 liber
510 2142 663 2202 accedere
686 2140 726 2202 ad
749 2159 816 2201 rem
840 2161 964 2203 summa
986 2138 1147 2224 diligentia
1168 2136 1374 2210 tractandam,

101 2320 103 2324 p
147 2255 344 2328 potestatem
369 2247 452 2307 uitae
474 2247 629 2328 necisque.
676 2245 760 2314 male
782 2248 862 2308 irato
886 2245 1002 2308 ferrum
1026 2246 1241 2307 committitur.

114 2350 130 2404 1
238 2351 312 2414 XX
358 2352 408 2414 Ne
446 2351 520 2414 illud
557 2353 686 2433 quidem
725 2352 926 2414 iudicandum
965 2361 1026 2427 est,
1065 2350 1180 2432 aliquid
1217 2350 1297 2411 iram'
1333 2349 1375 2410 ad

143 2459 400 2540 magnitudinem
424 2459 518 2521 animi
543 2458 693 2520 conferre.
716 2463 790 2521 'non
813 2467 862 2520 est
878 2458 961 2547 enim
977 2457 1028 2520 illa
1051 2457 1247 2538 magnitud0,
1270 2463 1377 2516 tumor
1391 2473 1417 2513 io

153 2575 206 2629 est.
252 2585 312 2626 nec
341 2565 527 2648 corporibus
558 2566 649 2647 copia
678 2566 781 2627 uitiosi
811 2565 929 2626 umoris
960 2565 1085 2626 intentis
1116 2562 1247 2624 morbus
1279 2562 1376 2622 incre-

126 2669 293 2734 imentum
318 2682 374 2747 est,
398 2673 455 2733 sed
478 2671 626 2754 pestilens
649 2671 854 2734 abundantia.
898 2691 1010 2733 omnes
1026 2690 1106 2751 quos
1122 2689 1234 2730 uecors
1256 2669 1378 2729 animus

154 2797 246 2861 supra
276 2778 484 2858 cogitationes
515 2776 640 2839 extollit
672 2777 841 2851 humanas,
875 2776 973 2838 altum
1002 2776 1154 2857 quiddam
1186 2783 1217 2836 et
1245 2772 1378 2835 sublime

153 2885 269 2965 spirare
293 2903 327 2944 se
351 2884 503 2945 credunt:
530 2893 669 2945 ceterum
694 2883 735 2944 nil
759 2882 850 2945 solidi
873 2882 990 2957 subest,
1013 2883 1118 2944 sedin
1141 2882 1261 2943 ruinam
1277 2899 1380 2960 prona

151 2999 231 3066 sunt,
256 3010 337 3071 quae
360 2989 426 3051 sine
450 2989 662 3052 fundamentis
690 3009 826 3051 creuere.
873 3009 937 3050 non
965 2988 1062 3050 habet
1093 2988 1138 3049 ira
1169 2978 1217 3048 c'ui
1247 2987 1376 3048 insistat.
1391 3003 1417 3044 2⁵

151 3116 216 3157 non
239 3116 282 3157 ex
306 3095 397 3158 firmo
422 3116 632 3176 mansuroque
656 3094 760 3170 oritur,
784 3096 842 3156 sed
859 3104 992 3156 uentosa
1007 3103 1039 3155 et
1055 3095 1152 3155 inanis
1169 3101 1217 3154 est
1239 3100 1377 3153 tantum·

131 3222 214 3283 ,que
235 3202 328 3263 abest
351 3222 369 3262 a
393 3202 609 3282 magnitudine
632 3203 742 3275 animi,
773 3209 926 3282 quantum
950 3221 969 3262 a
992 3200 1174 3262 fortitudine
1197 3199 1335 3271 audacia,
1359 3217 1378 3258 a
1419 3263 1424 3274 ,

149 3306 266 3369 fiducia
294 3308 473 3381 insolentia,
505 3308 546 3369 ab
576 3309 759 3369 austeritate
781 3308 921 3381 tristitia,
961 3307 1171 3368 aseueritate
1201 3304 1378 3367 crudelitas

113 3413 301 3488 3multum,
333 3413 477 3492 inquam,
508 3414 636 3475 interest
666 3414 747 3474 inter
777 3413 943 3474 sublimem
974 3413 1114 3475 animum
1143 3419 1175 3473 et
1198 3409 1378 3492 superbum.

149 3520 310 3582 iracundia
332 3519 406 3584 nihil
429 3518 570 3601 amplum
595 3519 811 3598 decorumque
834 3518 969 3580 molitur.
1015 3529 1126 3580 contra
1157 3518 1232 3580 mihi
1256 3518 1378 3578 uidetur
1392 3548 1419 3587 30

149 3625 309 3688 uetemosi
333 3634 364 3686 et
387 3623 512 3686 infelicis
536 3625 638 3699 animi,
662 3624 881 3687 imbecillitatis
904 3625 962 3685 sibi
985 3625 1115 3699 conscii,
1139 3643 1236 3704 saepe
1258 3605 1376 3683 indole-

150 3753 248 3807 scere,
271 3740 305 3793 ut
329 3730 510 3792 exulcerata
533 3739 565 3792 et
589 3751 685 3812 aegra
718 3750 869 3812 corpora,
900 3751 981 3810 quae
1013 3732 1054 3792 ad
1078 3739 1180 3792 tactus
1204 3728 1378 3790 leuissimos

218 3943 252 3995 19
270 3943 339 4008 aliqd
364 3943 560 4008 (devenerat)
627 3943 658 3994 21
680 3900 829 3992 uitiosiuniris
899 3940 932 3993 25
952 3942 988 3989 ira
1008 3940 1161 4007 (triviras.)
1229 3938 1262 3992 27
1281 3942 1331 4003 quii
1350 3945 1378 3990 tu

235 4029 269 4083 28
288 4031 437 4097 austeritate]
457 4034 602 4080 auctoritate
621 4028 748 4083 Muretus
767 4032 804 4097 (ei
816 4021 964 4099 praecepit
981 4027 1163 4098 Neapolitana
1180 4025 1326 4082 scribendo
1345 4029 1377 4075 ab

150 4121 297 4169 auctoritate
307 4120 456 4185 crudelitas),
470 4135 540 4188 quoe
549 4119 705 4173 coniectura
716 4134 747 4174 eo
757 4117 909 4188 speciosior
921 4123 967 4181 est,
981 4116 1057 4187 qood
1065 4116 1142 4188 opud
1151 4114 1261 4182 Quintil.
1272 4131 1379 4184 qnoque

154 4210 195 4268 12,
216 4212 240 4269 5,
262 4211 273 4259 1
294 4204 333 4261 M.
346 4205 426 4260 habet
444 4209 579 4269 austeritas,
598 4207 699 4277 reliqui
710 4206 790 4261 codd.
806 4207 952 4264 auctoritas3
973 4204 1146 4258 nihilominus
1165 4207 1302 4254 austeritate
1321 4219 1377 4256 inu·

152 4294 266 4348 tondum
284 4312 338 4348 non
357 4311 429 4357 esse,
455 4293 571 4349 ostendit
589 4294 660 4349 idem
680 4293 790 4361 Quintil.
812 4297 835 4358 2,
855 4297 879 4357 2,
899 4298 914 4346 5
934 4312 984 4343 non
1003 4296 1129 4344 austeritas
1147 4295 1198 4343 eius
1216 4294 1303 4354 tristis,
1328 4309 1378 4342 non

151 4386 270 4435 dissoluta
289 4387 318 4434 sit
337 4386 442 4433 comitas
485 4431 491 4437 .
531 4385 565 4438 29
584 4386 688 4434 sublime
778 4385 811 4437 31
832 4385 926 4434 conscii
944 4380 1105 4436 Pincioriusz
1125 4383 1195 4434 eseia
