3046 5092
155 323 219 385 228
384 317 463 360 DIAL.
477 317 505 362 Χ.
519 357 521 362 ,
533 319 575 358 ΑΒ
590 317 743 358 PAVLlNVM
760 319 799 358 DE
815 318 983 360 BREVITATE
997 320 1095 364 VlTAE.
1124 323 1144 365 ¹1.

154 462 239 526 uelut
270 462 423 525 inculcata
453 464 577 545 respuit.
623 461 695 524 nihil
727 464 827 524 minus
859 472 907 525 est
936 465 1073 528 hominis
1104 467 1250 546 occupati
1281 486 1377 546 quam

154 573 268 634 uiuere.
318 568 428 632 nullius
467 571 510 632 rei
549 569 701 631 difficilior
739 571 867 632 scientia
905 581 961 634 est.
1012 572 1208 653 professores
1248 572 1377 634 aliarum

154 678 267 738 artium
298 675 394 756 uolgo
425 675 577 756 multique
609 685 690 738 sunt.
737 677 893 757 quasdam
917 697 993 740 uero
1017 698 1059 739 ex
1083 678 1130 741 his
1153 680 1242 759 pueri
1265 680 1377 741 admo-

155 785 231 846 dum
255 785 298 845 ita
321 785 498 866 percepisse
521 784 576 844 uisi
600 792 687 857 sunt,
712 793 748 863 ut
771 785 866 845 etiam
890 786 1073 866 praecipere
1095 795 1246 866 possent:
1274 787 1379 848 uiuere

128 900 224 953 stota
247 893 311 953 uita
341 890 526 952 discendum
550 898 598 951 est
622 901 672 964 et,
703 891 791 971 quod
815 893 916 971 magis
940 888 1074 953 fortasse
1098 892 1277 975 miraberis,
1310 902 1379 955 tota

154 999 218 1059 uita
241 997 426 1059 discendum
455 1005 504 1058 est
535 997 623 1059 mori.
669 1005 719 1058 tot
750 998 880 1059 maximi
905 998 960 1059 uiri
984 998 1096 1061 relictis
1119 1000 1267 1062 omnibus
1291 1001 1411 1081 lupe-t

154 1105 317 1180 dimentis,
334 1123 405 1165 cum
423 1104 544 1176 diuitiis,
569 1101 687 1175 officiis
711 1102 925 1184 uoluptatibus
940 1106 1178 1181 renuntiassent,
1202 1107 1264 1167 hoc
1281 1127 1378 1168 unum

153 1211 183 1271 in
215 1219 394 1272 extremam
426 1230 525 1290 usque
557 1218 695 1270 aetatem
726 1219 874 1288 egerunt,
906 1219 940 1271 ut
971 1211 1076 1273 uiuere
1106 1213 1239 1281 scirent:
1274 1211 1379 1293 plures

154 1325 261 1377 tamen
292 1337 334 1377 ex
366 1314 412 1376 his
441 1316 583 1375 nondum
608 1335 642 1376 se
666 1316 744 1376 scire
768 1315 900 1377 confessi
923 1319 988 1378 uita
1011 1316 1171 1393 abierunt,
1201 1321 1320 1381 nedum
1344 1329 1379 1381 ut

20 1435 22 1439 ’
117 1442 140 1481 ro
154 1423 203 1482 isti
227 1422 333 1483 sciant.
365 1422 479 1501 magni,
504 1421 577 1482 mihi
603 1423 705 1495 crede,
729 1429 761 1483 et
784 1442 878 1502 supra
898 1421 1054 1489 humanos
1074 1444 1197 1486 errores
1213 1427 1377 1489 eminentis
1396 1441 1412 1492 5

155 1532 210 1591 uiri
241 1539 289 1590 est
320 1528 394 1590 nihil
425 1549 467 1589 ex
497 1548 555 1589 suo
587 1537 732 1608 tempore
760 1527 890 1589 delibari
918 1530 1026 1592 sinere.
1073 1538 1105 1592 et
1127 1531 1201 1592 ideo
1226 1533 1292 1593 eius
1315 1536 1378 1595 uita

153 1636 337 1716 longissima
360 1644 422 1708 est,
454 1636 542 1715 quia,
573 1644 863 1716 quantumcumque
887 1637 1002 1717 patuit,
1034 1644 1139 1700 totum
1164 1640 1222 1718 ipsi
1245 1641 1376 1702 uacauit.

154 1742 227 1804 nihil
259 1744 332 1803 inde
360 1741 509 1804 incultum
535 1743 736 1822 otiosumque
759 1743 867 1818 iacuit,
898 1743 972 1804 nihil
995 1744 1054 1805 sub
1078 1744 1138 1805 alio
1162 1744 1228 1809 fuit.
1276 1767 1376 1828 neque

155 1849 236 1910 enim
268 1849 435 1929 quicquam
468 1849 605 1928 repperit
636 1849 783 1930 dignum,
815 1850 903 1929 quod
936 1870 1007 1911 curn
1039 1860 1185 1931 tempore
1217 1872 1275 1913 suo
1307 1873 1373 1933 per-

118 1963 292 2016 inmutaret
324 1963 430 2016 custos
462 1956 527 2016 eius
559 1957 767 2035 parcissimus.
814 1957 920 2036 itaque
951 1957 1025 2018 satis
1056 1956 1097 2018 illi
1127 1957 1200 2019 fuit:
1234 1958 1270 2021 iis
1302 1979 1375 2020 uero

156 2081 284 2123 necesse
308 2071 355 2122 est
381 2060 530 2136 defuisse,
563 2082 604 2122 ex
628 2081 763 2142 quorum
788 2064 853 2124 uita
876 2062 1010 2123 multum
1034 2061 1170 2143 populus
1193 2065 1273 2127 tulit.
1320 2080 1403 2129 nect

156 2178 204 2256 est
234 2169 321 2248 quod
353 2177 445 2247 putes
475 2188 539 2228 non
570 2167 639 2228 illos
671 2168 838 2249 aliquando
869 2167 1051 2249 intellegere
1082 2171 1234 2232 damnum
1264 2192 1373 2234 suum:

155 2273 323 2355 plerosque
346 2282 430 2334 certe
453 2273 560 2334 audies
583 2283 625 2335 ex
649 2273 712 2349 his,
744 2295 824 2354 quos
848 2295 965 2363 magna
987 2269 1116 2339 felicitas
1139 2286 1268 2358 grauat,
1300 2279 1376 2341 inter

122 2401 128 2405 ·
156 2380 313 2443 clientium
352 2399 465 2459 greges
503 2389 557 2442 aut
597 2401 760 2442 causarum
799 2384 937 2443 actiones
976 2390 1030 2444 aut
1068 2393 1188 2444 ceteras
1226 2382 1376 2445 honestas

115 2503 141 2543 20
156 2487 295 2548 miserias
327 2486 505 2548 exclamare
535 2487 708 2549 interdum:
743 2489 848 2549 uiuere
872 2487 947 2549 mihi
970 2509 1034 2550 non
1058 2487 1137 2550 licet.
1183 2490 1293 2570 quidni
1316 2503 1403 2555 nonl

154 2593 265 2655 liceat?
298 2613 409 2655 omnes
440 2593 496 2667 illi,
528 2594 580 2674 qui
604 2603 636 2655 te
659 2595 716 2656 sibi
740 2592 925 2681 aduocant,
940 2594 996 2656 tibi
1019 2595 1188 2658 abducunt.
1234 2596 1286 2658 ille
1309 2617 1377 2659 reus

151 2710 233 2781 quot
256 2700 322 2761 dies
346 2699 494 2761 abstulit?
519 2713 598 2780 quot
622 2699 672 2761 ille
695 2703 902 2763 candidatus?
934 2710 1013 2781 quot
1036 2701 1086 2763 illa
1110 2722 1187 2764 anus
1211 2703 1377 2766 efferendis

155 2805 323 2868 heredibus
359 2806 460 2867 lassa?
499 2815 578 2886 quot
613 2806 663 2868 ille
700 2810 741 2869 ad
772 2809 959 2870 inritandam
991 2810 1152 2871 auaritiam
1184 2812 1376 2892 captantium

73 2891 79 2903 ’
155 2913 317 2974 simulatus
341 2916 456 2992 aeger?
487 2922 567 2994 quot
590 2912 639 2974 ille
662 2916 822 2996 potentior
845 2915 977 2990 amicuS,
1000 2916 1053 2995 qui
1076 2936 1135 2977 uos
1159 2936 1223 2976 non
1247 2917 1278 2977 in
1302 2918 1375 2978 ami-

78 3043 80 3046 ’
114 3021 276 3095 nortiam,
308 3022 364 3081 sed
395 3021 426 3080 in
449 3021 637 3101 adparatum
661 3020 777 3083 habet?
816 3021 987 3102 dispnnge,
1019 3024 1162 3103 inquam,
1194 3031 1227 3084 et
1250 3044 1377 3086 recense

155 3128 238 3189 uitae
268 3136 340 3189 tuae
371 3128 456 3188 dies:
491 3127 612 3188 uidebis
643 3147 761 3208 paucos
793 3128 970 3189 admodum
1001 3137 1032 3190 et
1057 3129 1197 3210 ¹reiculos
1229 3132 1316 3211 apud
1346 3138 1376 3193 te

50 3221 56 3232 ’
82 3266 84 3270 ·
155 3235 315 3296 resedisse.
364 3234 531 3296 adsecutus
561 3233 612 3295 ille
642 3254 723 3315 quos
754 3242 920 3316 optauerat
950 3234 1050 3297 fasces
1081 3237 1166 3317 cupit
1195 3257 1317 3319 ponere
1346 3247 1403 3299 etri

155 3341 287 3401 subinde
320 3341 412 3401 dicit:
454 3342 582 3420 quando
621 3341 671 3402 hic
708 3361 813 3402 annus·
846 3341 1046 3421 praeteribit?
1085 3341 1158 3404 facit
1196 3342 1247 3405 ille
1279 3344 1384 3419 ludos,

154 3467 288 3527 quorum
312 3455 432 3508 sortem
456 3447 514 3508 sibi
537 3446 703 3528 obtingere
726 3467 844 3527 magno
868 3449 1064 3510 aestimauit:
1098 3451 1240 3530 quando,
1272 3452 1376 3533 inquit,

154 3642 366 3649 ————

155 3802 170 3854 3
190 3802 263 3866 uulgo
354 3801 369 3853 5
395 3801 524 3850 miraberis
543 3798 603 3854 cod.
622 3802 744 3860 mirabere
763 3799 846 3871 uulqo
954 3801 969 3854 6
994 3779 1177 3868 impedimentis
1287 3809 1303 3858 9
1328 3808 1375 3857 uita

155 3889 320 3944 deteriores:
342 3892 394 3941 uita
418 3944 421 3948 A
520 3889 551 3941 11
579 3890 683 3938 delibari
702 3892 780 3940 sinere
799 3888 963 3944 deteriores:
985 3893 1089 3943 delibari
1107 3895 1159 3943 sine
1176 3896 1255 3945 sinere

155 3979 187 4032 ’13
213 3982 366 4045 otiosumque
391 3977 477 4048 Neap.
503 3980 576 4029 iacuit
603 3976 751 4032 Gruterus:
779 3981 992 4045 otiumq.uacauit
1017 3982 1144 4050 (praefer
1162 3985 1197 4033 uit
1220 3983 1247 4036 in
1270 3966 1373 4050 roasa

108 4127 216 4175 ¹cutte
234 4140 248 4171 u
263 4126 355 4191 polest
370 4118 497 4189 fuissec)
588 4121 622 4173 fl>
642 4122 680 4169 his
772 4121 804 4174 17
823 4119 1016 4189 nonMuduip:
1037 4125 1095 4172 hinc
1189 4125 1219 4177 18
1238 4071 1289 4176 eills

154 4247 187 4300 23
213 4248 332 4296 irritanda
351 4247 423 4311 (arete
442 4247 567 4314 dparua
585 4245 653 4312 rus.)
672 4221 775 4297 auaritia
888 4245 923 4299 24
945 4253 1005 4311 quot
1024 4248 1064 4297 ille
1083 4246 1247 4302 deteriores:
1270 4267 1318 4315 quo
1335 4249 1372 4298 ille

260 4335 294 4388 25
313 4337 338 4383 in
357 4341 502 4399 apparatum
522 4333 686 4388 deteriores:
708 4337 865 4400 inapparatus
879 4336 900 4399 (s
913 4353 931 4388 a
945 4352 1016 4389 corr.
1030 4334 1136 4403 addita)
1228 4337 1262 4391 2ss
1275 4338 1371 4388 reiculos

154 4422 210 4476 El:
232 4425 347 4473 ridiculos
438 4429 519 4488 aputte
539 4424 557 4488 (t
575 4423 655 4492 prior
674 4439 745 4476 corr.
766 4424 792 4475 tlt
812 4424 839 4489 d)
931 4425 971 4478 29
990 4427 1112 4475 estimauit
