<?xml version="1.0" encoding="UTF-8"?>
<!DOCTYPE html PUBLIC "-//W3C//DTD XHTML 1.0 Transitional//EN"
    "http://www.w3.org/TR/xhtml1/DTD/xhtml1-transitional.dtd">
<html xmlns="http://www.w3.org/1999/xhtml" xml:lang="en" lang="en">
 <head>
  <title>
</title>
<meta http-equiv="Content-Type" content="text/html;charset=utf-8" />
  <meta name='ocr-system' content='tesseract 3.04.00' />
  <meta name='ocr-capabilities' content='ocr_page ocr_carea ocr_par ocr_line ocrx_word'/>
</head>
<body>
  <div class='ocr_page' id='page_1' title='image "./lannaeisenecaed00vahlgoog_0284.png"; bbox 0 0 3046 5092; ppageno 0'>
   <div class='ocr_carea' id='block_1_1' title="bbox 378 324 1375 393">
    <p class='ocr_par' dir='ltr' id='par_1_1' title="bbox 378 324 1375 393">
     <span class='ocr_line' id='line_1_1' title="bbox 378 324 1375 393; baseline 0.004 -29"><span class='ocrx_word' id='word_1_1' title='bbox 378 325 457 366; x_wconf 78' lang='lat' dir='ltr'>DIAL.</span> <span class='ocrx_word' id='word_1_2' title='bbox 473 324 502 368; x_wconf 87' lang='lat' dir='ltr'>X.</span> <span class='ocrx_word' id='word_1_3' title='bbox 530 325 572 365; x_wconf 82' lang='grc' dir='ltr'>ΑΙ)</span> <span class='ocrx_word' id='word_1_4' title='bbox 587 324 738 372; x_wconf 79' lang='lat' dir='ltr'>PAVLINVM</span> <span class='ocrx_word' id='word_1_5' title='bbox 754 326 793 366; x_wconf 85' lang='lat' dir='ltr'>DE</span> <span class='ocrx_word' id='word_1_6' title='bbox 810 326 979 366; x_wconf 83' lang='lat' dir='ltr'><strong>BREVITATE</strong></span> <span class='ocrx_word' id='word_1_7' title='bbox 993 326 1091 368; x_wconf 78' lang='lat' dir='ltr'><strong>VITAE.</strong></span> <span class='ocrx_word' id='word_1_8' title='bbox 1119 328 1153 368; x_wconf 77' lang='lat'>²0.</span> <span class='ocrx_word' id='word_1_9' title='bbox 1312 334 1375 393; x_wconf 73' lang='lat'>245</span> 
     </span>
    </p>
   </div>
   <div class='ocr_carea' id='block_1_2' title="bbox 95 465 1447 2578">
    <p class='ocr_par' dir='ltr' id='par_1_2' title="bbox 95 465 1447 2578">
     <span class='ocr_line' id='line_1_2' title="bbox 137 465 1376 552; baseline 0 -20"><span class='ocrx_word' id='word_1_10' title='bbox 137 491 257 552; x_wconf 89' lang='lat' dir='ltr'>quem·</span> <span class='ocrx_word' id='word_1_11' title='bbox 278 470 465 552; x_wconf 86' lang='lat' dir='ltr'>accipiendis</span> <span class='ocrx_word' id='word_1_12' title='bbox 496 471 715 533; x_wconf 85' lang='lat' dir='ltr'>inmorientem</span> <span class='ocrx_word' id='word_1_13' title='bbox 748 471 918 533; x_wconf 88' lang='lat' dir='ltr'>rationibus</span> <span class='ocrx_word' id='word_1_14' title='bbox 951 471 1003 533; x_wconf 93' lang='lat' dir='ltr'>diu</span> <span class='ocrx_word' id='word_1_15' title='bbox 1033 480 1151 533; x_wconf 89' lang='lat' dir='ltr'>tractus</span> <span class='ocrx_word' id='word_1_16' title='bbox 1183 465 1246 534; x_wconf 87' lang='lat' dir='ltr'>risit</span> <span class='ocrx_word' id='word_1_17' title='bbox 1277 472 1376 534; x_wconf 90' lang='lat' dir='ltr'>heres.</span> 
     </span>
     <span class='ocr_line' id='line_1_3' title="bbox 95 578 1376 661; baseline -0.003 -18"><span class='ocrx_word' id='word_1_18' title='bbox 95 591 108 643; x_wconf 75' lang='lat'><strong>3</strong></span> <span class='ocrx_word' id='word_1_19' title='bbox 139 578 322 658; x_wconf 88' lang='lat' dir='ltr'>praeterire</span> <span class='ocrx_word' id='word_1_20' title='bbox 353 579 440 660; x_wconf 90' lang='lat' dir='ltr'>quod</span> <span class='ocrx_word' id='word_1_21' title='bbox 468 578 541 639; x_wconf 88' lang='lat' dir='ltr'>mihi</span> <span class='ocrx_word' id='word_1_22' title='bbox 565 578 699 641; x_wconf 90' lang='lat' dir='ltr'>occurrit</span> <span class='ocrx_word' id='word_1_23' title='bbox 722 578 905 661; x_wconf 89' lang='lat' dir='ltr'>exemplum</span> <span class='ocrx_word' id='word_1_24' title='bbox 930 599 994 640; x_wconf 91' lang='lat' dir='ltr'>non</span> <span class='ocrx_word' id='word_1_25' title='bbox 1017 599 1166 659; x_wconf 92' lang='lat' dir='ltr'>possum:</span> <span class='ocrx_word' id='word_1_26' title='bbox 1201 578 1376 640; x_wconf 85' lang='lat' dir='ltr'>Turannius</span> 
     </span>
     <span class='ocr_line' id='line_1_4' title="bbox 143 683 1376 767; baseline 0.001 -23"><span class='ocrx_word' id='word_1_27' title='bbox 143 683 205 745; x_wconf 85' lang='lat' dir='ltr'>fuit</span> <span class='ocrx_word' id='word_1_28' title='bbox 231 693 366 745; x_wconf 83' lang='lat' dir='ltr'>exactae</span> <span class='ocrx_word' id='word_1_29' title='bbox 391 684 569 765; x_wconf 83' lang='lat' dir='ltr'>diligentiae</span> <span class='ocrx_word' id='word_1_30' title='bbox 592 705 700 760; x_wconf 87' lang='lat' dir='ltr'>senex,</span> <span class='ocrx_word' id='word_1_31' title='bbox 724 687 775 767; x_wconf 93' lang='lat' dir='ltr'>qui</span> <span class='ocrx_word' id='word_1_32' title='bbox 798 694 872 766; x_wconf 91' lang='lat' dir='ltr'>post</span> <span class='ocrx_word' id='word_1_33' title='bbox 893 686 1279 766; x_wconf 75' lang='lat' dir='ltr'>annum&#39;nonagesimum,</span> <span class='ocrx_word' id='word_1_34' title='bbox 1304 705 1376 746; x_wconf 92' lang='lat' dir='ltr'>cum</span> 
     </span>
     <span class='ocr_line' id='line_1_5' title="bbox 147 790 1377 872; baseline 0 -20"><span class='ocrx_word' id='word_1_35' title='bbox 147 791 350 853; x_wconf 76' lang='lat' dir='ltr'>uacrionem</span> <span class='ocrx_word' id='word_1_36' title='bbox 379 792 606 872; x_wconf 83' lang='lat' dir='ltr'>procurationis</span> <span class='ocrx_word' id='word_1_37' title='bbox 631 792 671 853; x_wconf 92' lang='lat' dir='ltr'>ab</span> <span class='ocrx_word' id='word_1_38' title='bbox 697 791 730 854; x_wconf 86' lang='lat' dir='ltr'>C.</span> <span class='ocrx_word' id='word_1_39' title='bbox 757 790 892 853; x_wconf 86' lang='lat' dir='ltr'>Caesare</span> <span class='ocrx_word' id='word_1_40' title='bbox 916 791 997 853; x_wconf 86' lang='lat' dir='ltr'>uitro</span> <span class='ocrx_word' id='word_1_41' title='bbox 1021 793 1208 872; x_wconf 90' lang='lat' dir='ltr'>accepisset,</span> <span class='ocrx_word' id='word_1_42' title='bbox 1241 793 1377 872; x_wconf 92' lang='lat' dir='ltr'>conponi</span> 
     </span>
     <span class='ocr_line' id='line_1_6' title="bbox 147 896 1403 978; baseline -0.004 -20"><span class='ocrx_word' id='word_1_43' title='bbox 147 917 183 958; x_wconf 91' lang='lat' dir='ltr'>se</span> <span class='ocrx_word' id='word_1_44' title='bbox 207 897 239 957; x_wconf 95' lang='lat' dir='ltr'>in</span> <span class='ocrx_word' id='word_1_45' title='bbox 263 896 347 959; x_wconf 88' lang='lat' dir='ltr'>lecto</span> <span class='ocrx_word' id='word_1_46' title='bbox 372 905 404 958; x_wconf 91' lang='lat' dir='ltr'>et</span> <span class='ocrx_word' id='word_1_47' title='bbox 428 896 512 961; x_wconf 90' lang='lat' dir='ltr'>uelut</span> <span class='ocrx_word' id='word_1_48' title='bbox 536 899 716 960; x_wconf 87' lang='lat' dir='ltr'>exanimem</span> <span class='ocrx_word' id='word_1_49' title='bbox 741 918 760 959; x_wconf 89' lang='lat' dir='ltr'>a</span> <span class='ocrx_word' id='word_1_50' title='bbox 783 899 1005 960; x_wconf 88' lang='lat' dir='ltr'>circumstante</span> <span class='ocrx_word' id='word_1_51' title='bbox 1029 896 1144 959; x_wconf 82' lang='lat' dir='ltr'>familia</span> <span class='ocrx_word' id='word_1_52' title='bbox 1158 897 1265 978; x_wconf 86' lang='lat' dir='ltr'>plangi</span> <span class='ocrx_word' id='word_1_53' title='bbox 1280 898 1403 961; x_wconf 79' lang='lat' dir='ltr'>iussits</span> 
     </span>
     <span class='ocr_line' id='line_1_7' title="bbox 150 1002 1376 1085; baseline 0.002 -21"><span class='ocrx_word' id='word_1_54' title='bbox 150 1003 282 1085; x_wconf 85' lang='lat' dir='ltr'>lugebat</span> <span class='ocrx_word' id='word_1_55' title='bbox 306 1004 422 1065; x_wconf 89' lang='lat' dir='ltr'>domus</span> <span class='ocrx_word' id='word_1_56' title='bbox 444 1004 545 1065; x_wconf 92' lang='lat' dir='ltr'>otium</span> <span class='ocrx_word' id='word_1_57' title='bbox 569 1004 689 1067; x_wconf 93' lang='lat' dir='ltr'>domini</span> <span class='ocrx_word' id='word_1_58' title='bbox 713 1004 795 1065; x_wconf 88' lang='lat' dir='ltr'>senis</span> <span class='ocrx_word' id='word_1_59' title='bbox 818 1023 876 1064; x_wconf 90' lang='lat' dir='ltr'>nec</span> <span class='ocrx_word' id='word_1_60' title='bbox 891 1002 990 1065; x_wconf 88' lang='lat' dir='ltr'>finiuit</span> <span class='ocrx_word' id='word_1_61' title='bbox 1006 1012 1079 1066; x_wconf 91' lang='lat' dir='ltr'>ante</span> <span class='ocrx_word' id='word_1_62' title='bbox 1095 1003 1259 1078; x_wconf 90' lang='lat' dir='ltr'>tristitiam,</span> <span class='ocrx_word' id='word_1_63' title='bbox 1281 1025 1376 1085; x_wconf 91' lang='lat' dir='ltr'>quam</span> 
     </span>
     <span class='ocr_line' id='line_1_8' title="bbox 150 1109 1376 1190; baseline 0 -18"><span class='ocrx_word' id='word_1_64' title='bbox 150 1111 241 1173; x_wconf 90' lang='lat' dir='ltr'>labor</span> <span class='ocrx_word' id='word_1_65' title='bbox 280 1109 322 1171; x_wconf 89' lang='lat' dir='ltr'>illi</span> <span class='ocrx_word' id='word_1_66' title='bbox 359 1131 432 1172; x_wconf 92' lang='lat' dir='ltr'>suus</span> <span class='ocrx_word' id='word_1_67' title='bbox 471 1113 631 1173; x_wconf 90' lang='lat' dir='ltr'>restitutus</span> <span class='ocrx_word' id='word_1_68' title='bbox 670 1121 726 1175; x_wconf 92' lang='lat' dir='ltr'>est.</span> <span class='ocrx_word' id='word_1_69' title='bbox 773 1112 896 1172; x_wconf 89' lang='lat' dir='ltr'>adeone</span> <span class='ocrx_word' id='word_1_70' title='bbox 934 1111 1020 1172; x_wconf 90' lang='lat' dir='ltr'>iuuat</span> <span class='ocrx_word' id='word_1_71' title='bbox 1056 1120 1245 1190; x_wconf 88' lang='lat' dir='ltr'>occupatum</span> <span class='ocrx_word' id='word_1_72' title='bbox 1277 1111 1376 1172; x_wconf 87' lang='lat' dir='ltr'>mori?</span> 
     </span>
     <span class='ocr_line' id='line_1_9' title="bbox 125 1215 1376 1304; baseline -0.002 -23"><span class='ocrx_word' id='word_1_73' title='bbox 125 1220 235 1282; x_wconf 75' lang='lat' dir='ltr'>iidem</span> <span class='ocrx_word' id='word_1_74' title='bbox 273 1217 430 1304; x_wconf 73' lang='lat' dir='ltr'>plerisque</span> <span class='ocrx_word' id='word_1_75' title='bbox 461 1218 583 1279; x_wconf 91' lang='lat' dir='ltr'>animus</span> <span class='ocrx_word' id='word_1_76' title='bbox 614 1226 680 1279; x_wconf 86' lang='lat' dir='ltr'>est:</span> <span class='ocrx_word' id='word_1_77' title='bbox 719 1218 833 1279; x_wconf 90' lang='lat' dir='ltr'>diutius</span> <span class='ocrx_word' id='word_1_78' title='bbox 864 1218 1018 1299; x_wconf 90' lang='lat' dir='ltr'>cupiditas</span> <span class='ocrx_word' id='word_1_79' title='bbox 1048 1215 1105 1278; x_wconf 89' lang='lat' dir='ltr'>iliis</span> <span class='ocrx_word' id='word_1_80' title='bbox 1135 1216 1251 1277; x_wconf 91' lang='lat' dir='ltr'>laboris</span> <span class='ocrx_word' id='word_1_81' title='bbox 1281 1238 1376 1298; x_wconf 92' lang='lat' dir='ltr'>quam</span> 
     </span>
     <span class='ocr_line' id='line_1_10' title="bbox 151 1312 1376 1404; baseline -0.002 -18"><span class='ocrx_word' id='word_1_82' title='bbox 151 1323 282 1386; x_wconf 82' lang='lat' dir='ltr'>facultas</span> <span class='ocrx_word' id='word_1_83' title='bbox 306 1332 362 1385; x_wconf 90' lang='lat' dir='ltr'>est.</span> <span class='ocrx_word' id='word_1_84' title='bbox 394 1344 465 1385; x_wconf 95' lang='lat' dir='ltr'>cum</span> <span class='ocrx_word' id='word_1_85' title='bbox 489 1312 690 1385; x_wconf 89' lang='lat' dir='ltr'>inbecillitate</span> <span class='ocrx_word' id='word_1_86' title='bbox 713 1325 853 1403; x_wconf 91' lang='lat' dir='ltr'>corporis</span> <span class='ocrx_word' id='word_1_87' title='bbox 877 1332 1027 1404; x_wconf 85' lang='lat' dir='ltr'>pugnant.</span> <span class='ocrx_word' id='word_1_88' title='bbox 1060 1331 1253 1384; x_wconf 88' lang='lat' dir='ltr'>senectutem</span> <span class='ocrx_word' id='word_1_89' title='bbox 1276 1323 1376 1404; x_wconf 90' lang='lat' dir='ltr'>ipsam</span> 
     </span>
     <span class='ocr_line' id='line_1_11' title="bbox 152 1428 1417 1512; baseline -0.001 -20"><span class='ocrx_word' id='word_1_90' title='bbox 152 1431 236 1492; x_wconf 89' lang='lat' dir='ltr'>nullo</span> <span class='ocrx_word' id='word_1_91' title='bbox 261 1430 322 1493; x_wconf 88' lang='lat' dir='ltr'>alio</span> <span class='ocrx_word' id='word_1_92' title='bbox 347 1431 474 1492; x_wconf 91' lang='lat' dir='ltr'>nomine</span> <span class='ocrx_word' id='word_1_93' title='bbox 498 1428 628 1510; x_wconf 84' lang='lat' dir='ltr'>grauem</span> <span class='ocrx_word' id='word_1_94' title='bbox 652 1431 796 1505; x_wconf 91' lang='lat' dir='ltr'>iudicant,</span> <span class='ocrx_word' id='word_1_95' title='bbox 821 1450 917 1512; x_wconf 91' lang='lat' dir='ltr'>quam</span> <span class='ocrx_word' id='word_1_96' title='bbox 941 1430 1028 1510; x_wconf 92' lang='lat' dir='ltr'>quod</span> <span class='ocrx_word' id='word_1_97' title='bbox 1053 1428 1122 1490; x_wconf 84' lang='lat' dir='ltr'>ilios</span> <span class='ocrx_word' id='word_1_98' title='bbox 1145 1430 1276 1510; x_wconf 89' lang='lat' dir='ltr'>seponit.</span> <span class='ocrx_word' id='word_1_99' title='bbox 1324 1429 1376 1491; x_wconf 88' lang='lat' dir='ltr'>lex</span> <span class='ocrx_word' id='word_1_100' title='bbox 1394 1446 1417 1484; x_wconf 77' lang='lat'>¹⁰</span> 
     </span>
     <span class='ocr_line' id='line_1_12' title="bbox 123 1536 1376 1625; baseline -0.003 -25"><span class='ocrx_word' id='word_1_101' title='bbox 123 1615 132 1625; x_wconf 19' lang='grc' dir='ltr'><em>κ</em></span> <span class='ocrx_word' id='word_1_102' title='bbox 151 1560 169 1600; x_wconf 93' lang='lat' dir='ltr'>a</span> <span class='ocrx_word' id='word_1_103' title='bbox 190 1537 454 1620; x_wconf 86' lang='lat' dir='ltr'>quinquagesimo</span> <span class='ocrx_word' id='word_1_104' title='bbox 478 1557 561 1598; x_wconf 89' lang='lat' dir='ltr'>anno</span> <span class='ocrx_word' id='word_1_105' title='bbox 586 1537 715 1598; x_wconf 89' lang='lat' dir='ltr'>militem</span> <span class='ocrx_word' id='word_1_106' title='bbox 740 1558 803 1598; x_wconf 93' lang='lat' dir='ltr'>non</span> <span class='ocrx_word' id='word_1_107' title='bbox 827 1536 911 1617; x_wconf 87' lang='lat' dir='ltr'>legit,</span> <span class='ocrx_word' id='word_1_108' title='bbox 936 1558 954 1598; x_wconf 92' lang='lat' dir='ltr'>a</span> <span class='ocrx_word' id='word_1_109' title='bbox 977 1536 1179 1616; x_wconf 86' lang='lat' dir='ltr'>sexagesimo</span> <span class='ocrx_word' id='word_1_110' title='bbox 1196 1543 1376 1597; x_wconf 89' lang='lat' dir='ltr'>senatorem</span> 
     </span>
     <span class='ocr_line' id='line_1_13' title="bbox 151 1640 1376 1722; baseline -0.003 -16"><span class='ocrx_word' id='word_1_111' title='bbox 151 1665 214 1706; x_wconf 94' lang='lat' dir='ltr'>non</span> <span class='ocrx_word' id='word_1_112' title='bbox 246 1645 340 1706; x_wconf 90' lang='lat' dir='ltr'>citat:</span> <span class='ocrx_word' id='word_1_113' title='bbox 376 1641 527 1705; x_wconf 78' lang='lat' dir='ltr'>difficilius</span> <span class='ocrx_word' id='word_1_114' title='bbox 558 1643 702 1706; x_wconf 86' lang='lat' dir='ltr'>homines</span> <span class='ocrx_word' id='word_1_115' title='bbox 725 1664 744 1704; x_wconf 94' lang='lat' dir='ltr'>a</span> <span class='ocrx_word' id='word_1_116' title='bbox 767 1664 801 1705; x_wconf 92' lang='lat' dir='ltr'>se</span> <span class='ocrx_word' id='word_1_117' title='bbox 825 1644 924 1705; x_wconf 91' lang='lat' dir='ltr'>otium</span> <span class='ocrx_word' id='word_1_118' title='bbox 956 1643 1112 1722; x_wconf 90' lang='lat' dir='ltr'>inpetrant</span> <span class='ocrx_word' id='word_1_119' title='bbox 1135 1662 1231 1722; x_wconf 89' lang='lat' dir='ltr'>quam</span> <span class='ocrx_word' id='word_1_120' title='bbox 1256 1640 1376 1722; x_wconf 85' lang='lat' dir='ltr'>alege.</span> 
     </span>
     <span class='ocr_line' id='line_1_14' title="bbox 121 1747 1377 1830; baseline -0.006 -16"><span class='ocrx_word' id='word_1_121' title='bbox 121 1764 133 1815; x_wconf 80' lang='lat'>5</span> <span class='ocrx_word' id='word_1_122' title='bbox 151 1751 274 1813; x_wconf 90' lang='lat' dir='ltr'>interim</span> <span class='ocrx_word' id='word_1_123' title='bbox 290 1751 368 1812; x_wconf 94' lang='lat' dir='ltr'>dum</span> <span class='ocrx_word' id='word_1_124' title='bbox 384 1750 545 1830; x_wconf 89' lang='lat' dir='ltr'>rapiuntur</span> <span class='ocrx_word' id='word_1_125' title='bbox 564 1758 596 1811; x_wconf 93' lang='lat' dir='ltr'>et</span> <span class='ocrx_word' id='word_1_126' title='bbox 612 1750 744 1830; x_wconf 86' lang='lat' dir='ltr'>rapiunt,</span> <span class='ocrx_word' id='word_1_127' title='bbox 768 1750 842 1811; x_wconf 94' lang='lat' dir='ltr'>dum</span> <span class='ocrx_word' id='word_1_128' title='bbox 861 1748 940 1810; x_wconf 91' lang='lat' dir='ltr'>alter</span> <span class='ocrx_word' id='word_1_129' title='bbox 955 1749 1081 1811; x_wconf 90' lang='lat' dir='ltr'>alterius</span> <span class='ocrx_word' id='word_1_130' title='bbox 1096 1750 1235 1830; x_wconf 91' lang='lat' dir='ltr'>quietem</span> <span class='ocrx_word' id='word_1_131' title='bbox 1252 1747 1377 1828; x_wconf 89' lang='lat' dir='ltr'>rumpit,</span> 
     </span>
     <span class='ocr_line' id='line_1_15' title="bbox 152 1853 1377 1935; baseline -0.006 -15"><span class='ocrx_word' id='word_1_132' title='bbox 152 1861 228 1920; x_wconf 95' lang='lat' dir='ltr'>dum</span> <span class='ocrx_word' id='word_1_133' title='bbox 253 1865 365 1931; x_wconf 86' lang='lat' dir='ltr'>mutuo</span> <span class='ocrx_word' id='word_1_134' title='bbox 389 1857 493 1918; x_wconf 91' lang='lat' dir='ltr'>miseri</span> <span class='ocrx_word' id='word_1_135' title='bbox 516 1864 606 1930; x_wconf 88' lang='lat' dir='ltr'>sunt,</span> <span class='ocrx_word' id='word_1_136' title='bbox 629 1857 695 1918; x_wconf 91' lang='lat' dir='ltr'>uita</span> <span class='ocrx_word' id='word_1_137' title='bbox 718 1864 765 1917; x_wconf 90' lang='lat' dir='ltr'>est</span> <span class='ocrx_word' id='word_1_138' title='bbox 788 1855 854 1916; x_wconf 91' lang='lat' dir='ltr'>sine</span> <span class='ocrx_word' id='word_1_139' title='bbox 878 1853 994 1929; x_wconf 83' lang='lat' dir='ltr'>fructu,</span> <span class='ocrx_word' id='word_1_140' title='bbox 1019 1856 1085 1918; x_wconf 92' lang='lat' dir='ltr'>sine</span> <span class='ocrx_word' id='word_1_141' title='bbox 1109 1854 1287 1935; x_wconf 89' lang='lat' dir='ltr'>uoluptate,</span> <span class='ocrx_word' id='word_1_142' title='bbox 1311 1853 1377 1914; x_wconf 90' lang='lat' dir='ltr'>sine</span> 
     </span>
     <span class='ocr_line' id='line_1_16' title="bbox 151 1960 1447 2046; baseline -0.007 -20"><span class='ocrx_word' id='word_1_143' title='bbox 151 1964 215 2026; x_wconf 91' lang='lat' dir='ltr'>ulio</span> <span class='ocrx_word' id='word_1_144' title='bbox 238 1963 383 2046; x_wconf 86' lang='lat' dir='ltr'>prosectu</span> <span class='ocrx_word' id='word_1_145' title='bbox 406 1964 518 2024; x_wconf 90' lang='lat' dir='ltr'>animi:</span> <span class='ocrx_word' id='word_1_146' title='bbox 546 1983 641 2025; x_wconf 89' lang='lat' dir='ltr'>nemo</span> <span class='ocrx_word' id='word_1_147' title='bbox 664 1965 695 2024; x_wconf 95' lang='lat' dir='ltr'>in</span> <span class='ocrx_word' id='word_1_148' title='bbox 720 1963 892 2043; x_wconf 90' lang='lat' dir='ltr'>conspicuo</span> <span class='ocrx_word' id='word_1_149' title='bbox 917 1970 1053 2023; x_wconf 91' lang='lat' dir='ltr'>mortem</span> <span class='ocrx_word' id='word_1_150' title='bbox 1070 1960 1175 2035; x_wconf 91' lang='lat' dir='ltr'>habet,</span> <span class='ocrx_word' id='word_1_151' title='bbox 1200 1980 1296 2021; x_wconf 92' lang='lat' dir='ltr'>nemo</span> <span class='ocrx_word' id='word_1_152' title='bbox 1312 1980 1376 2020; x_wconf 93' lang='lat' dir='ltr'>non</span> <span class='ocrx_word' id='word_1_153' title='bbox 1394 1967 1447 2038; x_wconf 69' lang='lat' dir='ltr'>rs]</span> 
     </span>
     <span class='ocr_line' id='line_1_17' title="bbox 150 2066 1378 2154; baseline -0.005 -21"><span class='ocrx_word' id='word_1_154' title='bbox 150 2070 261 2154; x_wconf 89' lang='lat' dir='ltr'>procul</span> <span class='ocrx_word' id='word_1_155' title='bbox 296 2091 370 2152; x_wconf 88' lang='lat' dir='ltr'>spes</span> <span class='ocrx_word' id='word_1_156' title='bbox 405 2070 545 2131; x_wconf 90' lang='lat' dir='ltr'>intendit.</span> <span class='ocrx_word' id='word_1_157' title='bbox 592 2070 720 2150; x_wconf 86' lang='lat' dir='ltr'>quidam</span> <span class='ocrx_word' id='word_1_158' title='bbox 756 2091 832 2131; x_wconf 91' lang='lat' dir='ltr'>uero</span> <span class='ocrx_word' id='word_1_159' title='bbox 865 2069 1036 2151; x_wconf 90' lang='lat' dir='ltr'>disponunt</span> <span class='ocrx_word' id='word_1_160' title='bbox 1067 2069 1162 2129; x_wconf 91' lang='lat' dir='ltr'>etiam</span> <span class='ocrx_word' id='word_1_161' title='bbox 1193 2066 1259 2141; x_wconf 91' lang='lat' dir='ltr'>illa,</span> <span class='ocrx_word' id='word_1_162' title='bbox 1297 2085 1378 2148; x_wconf 87' lang='lat' dir='ltr'>quae</span> 
     </span>
     <span class='ocr_line' id='line_1_18' title="bbox 150 2155 1376 2258; baseline -0.005 -18"><span class='ocrx_word' id='word_1_163' title='bbox 150 2179 232 2240; x_wconf 90' lang='lat' dir='ltr'>ultra</span> <span class='ocrx_word' id='word_1_164' title='bbox 265 2179 363 2240; x_wconf 90' lang='lat' dir='ltr'>uitam</span> <span class='ocrx_word' id='word_1_165' title='bbox 394 2187 482 2251; x_wconf 91' lang='lat' dir='ltr'>sunt,</span> <span class='ocrx_word' id='word_1_166' title='bbox 515 2197 646 2257; x_wconf 86' lang='lat' dir='ltr'>magnas</span> <span class='ocrx_word' id='word_1_167' title='bbox 678 2155 779 2238; x_wconf 84' lang='lat' dir='ltr'>moles</span> <span class='ocrx_word' id='word_1_168' title='bbox 809 2175 1025 2258; x_wconf 84' lang='lat' dir='ltr'>sepulcrorum</span> <span class='ocrx_word' id='word_1_169' title='bbox 1057 2184 1089 2237; x_wconf 89' lang='lat' dir='ltr'>et</span> <span class='ocrx_word' id='word_1_170' title='bbox 1120 2194 1253 2255; x_wconf 91' lang='lat' dir='ltr'>operum</span> <span class='ocrx_word' id='word_1_171' title='bbox 1276 2173 1376 2255; x_wconf 89' lang='lat' dir='ltr'>publi·</span> 
     </span>
     <span class='ocr_line' id='line_1_19' title="bbox 150 2281 1377 2364; baseline -0.006 -17"><span class='ocrx_word' id='word_1_172' title='bbox 150 2305 261 2347; x_wconf 93' lang='lat' dir='ltr'>corum</span> <span class='ocrx_word' id='word_1_173' title='bbox 293 2285 507 2346; x_wconf 85' lang='lat' dir='ltr'>dedicationes</span> <span class='ocrx_word' id='word_1_174' title='bbox 539 2292 571 2345; x_wconf 91' lang='lat' dir='ltr'>et</span> <span class='ocrx_word' id='word_1_175' title='bbox 595 2285 635 2344; x_wconf 91' lang='lat' dir='ltr'>ad</span> <span class='ocrx_word' id='word_1_176' title='bbox 659 2303 774 2364; x_wconf 86' lang='lat' dir='ltr'>rogum</span> <span class='ocrx_word' id='word_1_177' title='bbox 799 2302 930 2344; x_wconf 87' lang='lat' dir='ltr'>munera</span> <span class='ocrx_word' id='word_1_178' title='bbox 954 2290 985 2343; x_wconf 93' lang='lat' dir='ltr'>et</span> <span class='ocrx_word' id='word_1_179' title='bbox 1009 2281 1194 2344; x_wconf 89' lang='lat' dir='ltr'>ambitiosas</span> <span class='ocrx_word' id='word_1_180' title='bbox 1218 2281 1377 2361; x_wconf 87' lang='lat' dir='ltr'>exequias.</span> 
     </span>
     <span class='ocr_line' id='line_1_20' title="bbox 150 2386 1377 2472; baseline -0.006 -18"><span class='ocrx_word' id='word_1_181' title='bbox 150 2401 182 2454; x_wconf 94' lang='lat' dir='ltr'>at</span> <span class='ocrx_word' id='word_1_182' title='bbox 214 2412 267 2453; x_wconf 90' lang='lat' dir='ltr'>me</span> <span class='ocrx_word' id='word_1_183' title='bbox 297 2389 440 2452; x_wconf 89' lang='lat' dir='ltr'>hercules</span> <span class='ocrx_word' id='word_1_184' title='bbox 469 2391 601 2452; x_wconf 88' lang='lat' dir='ltr'>istorum</span> <span class='ocrx_word' id='word_1_185' title='bbox 625 2388 749 2464; x_wconf 86' lang='lat' dir='ltr'>funera,</span> <span class='ocrx_word' id='word_1_186' title='bbox 781 2386 943 2472; x_wconf 79' lang='lat' dir='ltr'>tam&#39;quam</span> <span class='ocrx_word' id='word_1_187' title='bbox 969 2389 1131 2451; x_wconf 90' lang='lat' dir='ltr'>minimum</span> <span class='ocrx_word' id='word_1_188' title='bbox 1155 2388 1305 2461; x_wconf 87' lang='lat' dir='ltr'>uixerint,</span> <span class='ocrx_word' id='word_1_189' title='bbox 1335 2387 1377 2447; x_wconf 90' lang='lat' dir='ltr'>ad</span> 
     </span>
     <span class='ocr_line' id='line_1_21' title="bbox 147 2497 1415 2578; baseline -0.003 -18"><span class='ocrx_word' id='word_1_190' title='bbox 147 2497 234 2561; x_wconf 81' lang='lat' dir='ltr'>faces</span> <span class='ocrx_word' id='word_1_191' title='bbox 259 2507 292 2560; x_wconf 88' lang='lat' dir='ltr'>et</span> <span class='ocrx_word' id='word_1_192' title='bbox 315 2518 424 2560; x_wconf 90' lang='lat' dir='ltr'>cereos</span> <span class='ocrx_word' id='word_1_193' title='bbox 448 2497 594 2559; x_wconf 89' lang='lat' dir='ltr'>ducenda</span> <span class='ocrx_word' id='word_1_194' title='bbox 617 2505 697 2558; x_wconf 90' lang='lat' dir='ltr'>sunt.</span> <span class='ocrx_word' id='word_1_195' title='bbox 1274 2575 1276 2578; x_wconf 9' lang='grc' dir='ltr'><em>Α</em></span> <span class='ocrx_word' id='word_1_196' title='bbox 1389 2506 1415 2547; x_wconf 74' lang='lat'>2⁰</span> 
     </span>
    </p>
   </div>
   <div class='ocr_carea' id='block_1_3' title="bbox 148 2654 416 2671">
    <p class='ocr_par' dir='ltr' id='par_1_3' title="bbox 148 2654 416 2671">
     <span class='ocr_line' id='line_1_22' title="bbox 148 2654 416 2671; baseline -0.004 -3"><span class='ocrx_word' id='word_1_197' title='bbox 148 2654 363 2668; x_wconf 67' lang='lat'>—————-0-</span> <span class='ocrx_word' id='word_1_198' title='bbox 413 2665 416 2671; x_wconf 67' lang='lat'>,</span> 
     </span>
    </p>
   </div>
   <div class='ocr_carea' id='block_1_4' title="bbox 120 2753 1375 3106">
    <p class='ocr_par' dir='ltr' id='par_1_4' title="bbox 120 2753 1375 3106">
     <span class='ocr_line' id='line_1_23' title="bbox 241 2753 1374 2829; baseline -0.004 -17"><span class='ocrx_word' id='word_1_199' title='bbox 241 2764 254 2814; x_wconf 83' lang='lat'>1</span> <span class='ocrx_word' id='word_1_200' title='bbox 276 2763 454 2812; x_wconf 88' lang='lat' dir='ltr'>immorientem</span> <span class='ocrx_word' id='word_1_201' title='bbox 475 2760 554 2816; x_wconf 63' lang='lat' dir='ltr'>dett:</span> <span class='ocrx_word' id='word_1_202' title='bbox 576 2763 721 2829; x_wconf 72' lang='lat' dir='ltr'>inmoriente</span> <span class='ocrx_word' id='word_1_203' title='bbox 811 2759 827 2811; x_wconf 82' lang='lat'>2</span> <span class='ocrx_word' id='word_1_204' title='bbox 851 2762 967 2825; x_wconf 85' lang='lat' dir='ltr'>preterire</span> <span class='ocrx_word' id='word_1_205' title='bbox 1057 2760 1193 2809; x_wconf 89' lang='lat' dir='ltr'>Turannius</span> <span class='ocrx_word' id='word_1_206' title='bbox 1212 2753 1374 2810; x_wconf 76' lang='lat' dir='ltr'>Pincianus:</span> 
     </span>
     <span class='ocr_line' id='line_1_24' title="bbox 120 2848 1268 2920; baseline -0.003 -20"><span class='ocrx_word' id='word_1_207' title='bbox 120 2866 122 2870; x_wconf 74' lang='grc'>’</span> <span class='ocrx_word' id='word_1_208' title='bbox 147 2853 287 2918; x_wconf 80' lang='lat' dir='ltr'>styrannius</span> <span class='ocrx_word' id='word_1_209' title='bbox 305 2850 400 2920; x_wconf 80' lang='lat' dir='ltr'>(prior</span> <span class='ocrx_word' id='word_1_210' title='bbox 417 2869 429 2900; x_wconf 86' lang='lat' dir='ltr'>s</span> <span class='ocrx_word' id='word_1_211' title='bbox 444 2850 508 2916; x_wconf 78' lang='lat' dir='ltr'>fere</span> <span class='ocrx_word' id='word_1_212' title='bbox 527 2848 625 2914; x_wconf 80' lang='lat' dir='ltr'>deleta)</span> <span class='ocrx_word' id='word_1_213' title='bbox 725 2848 742 2901; x_wconf 73' lang='grc'>4</span> <span class='ocrx_word' id='word_1_214' title='bbox 761 2850 878 2914; x_wconf 90' lang='lat' dir='ltr'>componi</span> <span class='ocrx_word' id='word_1_215' title='bbox 984 2848 1012 2900; x_wconf 90' lang='grc'>11</span> <span class='ocrx_word' id='word_1_216' title='bbox 1033 2849 1268 2914; x_wconf 63' lang='grc' dir='ltr'>ῳιίηῳιυςεείωο</span> 
     </span>
     <span class='ocr_line' id='line_1_25' title="bbox 147 2933 1375 3009; baseline -0.005 -17"><span class='ocrx_word' id='word_1_217' title='bbox 147 2943 210 3008; x_wconf 82' lang='lat' dir='ltr'>legit</span> <span class='ocrx_word' id='word_1_218' title='bbox 232 2938 417 3009; x_wconf 70' lang='lat' dir='ltr'>Bmiparsius:</span> <span class='ocrx_word' id='word_1_219' title='bbox 442 2939 517 3004; x_wconf 82' lang='lat' dir='ltr'>“tegit</span> <span class='ocrx_word' id='word_1_220' title='bbox 542 2939 578 3002; x_wconf 83' lang='lat' dir='ltr'>(in</span> <span class='ocrx_word' id='word_1_221' title='bbox 598 2955 682 3007; x_wconf 75' lang='lat' dir='ltr'>marq.</span> <span class='ocrx_word' id='word_1_222' title='bbox 704 2955 737 2992; x_wconf 85' lang='lat' dir='ltr'>m.</span> <span class='ocrx_word' id='word_1_223' title='bbox 757 2954 810 2991; x_wconf 79' lang='lat' dir='ltr'>rec.</span> <span class='ocrx_word' id='word_1_224' title='bbox 833 2937 881 2987; x_wconf 82' lang='lat' dir='ltr'>“ali</span> <span class='ocrx_word' id='word_1_225' title='bbox 901 2937 978 3003; x_wconf 87' lang='lat' dir='ltr'>cogit)</span> <span class='ocrx_word' id='word_1_226' title='bbox 1091 2937 1122 2989; x_wconf 88' lang='grc'>14</span> <span class='ocrx_word' id='word_1_227' title='bbox 1148 2937 1197 2986; x_wconf 85' lang='lat' dir='ltr'>uita</span> <span class='ocrx_word' id='word_1_228' title='bbox 1217 2943 1232 2989; x_wconf 72' lang='lat' dir='ltr'>e</span> <span class='ocrx_word' id='word_1_229' title='bbox 1252 2936 1289 3002; x_wconf 82' lang='lat' dir='ltr'>(in</span> <span class='ocrx_word' id='word_1_230' title='bbox 1309 2933 1375 3002; x_wconf 71' lang='lat' dir='ltr'>ras)</span> 
     </span>
     <span class='ocr_line' id='line_1_26' title="bbox 242 3026 737 3106; baseline -0.004 -24"><span class='ocrx_word' id='word_1_231' title='bbox 242 3029 433 3106; x_wconf 39' lang='lat' dir='ltr'>iipuplicorfiu</span> <span class='ocrx_word' id='word_1_232' title='bbox 518 3027 550 3080; x_wconf 81' lang='lat'>18</span> <span class='ocrx_word' id='word_1_233' title='bbox 569 3039 592 3077; x_wconf 83' lang='lat' dir='ltr'>at</span> <span class='ocrx_word' id='word_1_234' title='bbox 612 3027 650 3095; x_wconf 77' lang='lat' dir='ltr'>(in</span> <span class='ocrx_word' id='word_1_235' title='bbox 670 3026 737 3094; x_wconf 80' lang='lat' dir='ltr'>ras.)</span> 
     </span>
    </p>
   </div>
   <div class='ocr_carea' id='block_1_5' title="bbox 0 0 1530 5092">
    <p class='ocr_par' dir='ltr' id='par_1_5' title="bbox 0 0 1530 5092">
     <span class='ocr_line' id='line_1_27' title="bbox 0 0 1530 5092; baseline 0 0"><span class='ocrx_word' id='word_1_236' title='bbox 0 0 1530 5092; x_wconf 95' lang='lat' dir='ltr'> </span> 
     </span>
    </p>
   </div>
  </div>
 </body>
</html>
