<?xml version="1.0" encoding="UTF-8"?>
<!DOCTYPE html PUBLIC "-//W3C//DTD XHTML 1.0 Transitional//EN"
    "http://www.w3.org/TR/xhtml1/DTD/xhtml1-transitional.dtd">
<html xmlns="http://www.w3.org/1999/xhtml" xml:lang="en" lang="en">
 <head>
  <title>
</title>
<meta http-equiv="Content-Type" content="text/html;charset=utf-8" />
  <meta name='ocr-system' content='tesseract 3.04.00' />
  <meta name='ocr-capabilities' content='ocr_page ocr_carea ocr_par ocr_line ocrx_word'/>
</head>
<body>
  <div class='ocr_page' id='page_1' title='image "./lannaeisenecaed00vahlgoog_0270.png"; bbox 0 0 3046 5092; ppageno 0'>
   <div class='ocr_carea' id='block_1_1' title="bbox 344 316 1358 384">
    <p class='ocr_par' dir='ltr' id='par_1_1' title="bbox 344 316 1358 384">
     <span class='ocr_line' id='line_1_1' title="bbox 344 316 1358 384; baseline 0.004 -28"><span class='ocrx_word' id='word_1_1' title='bbox 344 317 424 358; x_wconf 82' lang='lat' dir='ltr'>DIAL.</span> <span class='ocrx_word' id='word_1_2' title='bbox 435 316 464 358; x_wconf 89' lang='lat' dir='ltr'>X.</span> <span class='ocrx_word' id='word_1_3' title='bbox 492 317 534 357; x_wconf 82' lang='lat' dir='ltr'>AD</span> <span class='ocrx_word' id='word_1_4' title='bbox 549 316 704 357; x_wconf 82' lang='lat' dir='ltr'>PAVLINVM</span> <span class='ocrx_word' id='word_1_5' title='bbox 721 317 760 357; x_wconf 86' lang='lat' dir='ltr'>DE</span> <span class='ocrx_word' id='word_1_6' title='bbox 774 318 945 358; x_wconf 83' lang='lat' dir='ltr'><strong>BREVITATE</strong></span> <span class='ocrx_word' id='word_1_7' title='bbox 958 318 1056 362; x_wconf 69' lang='lat' dir='ltr'>vinna.</span> <span class='ocrx_word' id='word_1_8' title='bbox 1084 322 1105 364; x_wconf 83' lang='lat'>9.</span> <span class='ocrx_word' id='word_1_9' title='bbox 1123 321 1154 362; x_wconf 84' lang='lat' dir='ltr'>to.</span> <span class='ocrx_word' id='word_1_10' title='bbox 1299 325 1358 384; x_wconf 73' lang='lat'>231</span> 
     </span>
    </p>
   </div>
   <div class='ocr_carea' id='block_1_2' title="bbox 105 446 1421 3421">
    <p class='ocr_par' dir='ltr' id='par_1_2' title="bbox 144 446 1364 650">
     <span class='ocr_line' id='line_1_2' title="bbox 146 446 1364 544; baseline -0.001 -19"><span class='ocrx_word' id='word_1_11' title='bbox 146 463 374 544; x_wconf 61' lang='lat' dir='ltr'>occupauere,</span> <span class='ocrx_word' id='word_1_12' title='bbox 390 472 498 525; x_wconf 93' lang='lat' dir='ltr'>tamen</span> <span class='ocrx_word' id='word_1_13' title='bbox 522 461 627 542; x_wconf 89' lang='lat' dir='ltr'>fugiet.</span> <span class='ocrx_word' id='word_1_14' title='bbox 673 462 779 544; x_wconf 89' lang='lat' dir='ltr'>itaque</span> <span class='ocrx_word' id='word_1_15' title='bbox 803 483 874 524; x_wconf 96' lang='lat' dir='ltr'>cum</span> <span class='ocrx_word' id='word_1_16' title='bbox 898 462 1057 526; x_wconf 89' lang='lat' dir='ltr'>celeritate</span> <span class='ocrx_word' id='word_1_17' title='bbox 1081 466 1232 544; x_wconf 90' lang='lat' dir='ltr'>temporis</span> <span class='ocrx_word' id='word_1_18' title='bbox 1256 446 1364 525; x_wconf 93' lang='lat' dir='ltr'>utendi</span> 
     </span>
     <span class='ocr_line' id='line_1_3' title="bbox 144 568 1364 650; baseline -0.002 -18"><span class='ocrx_word' id='word_1_19' title='bbox 144 570 308 633; x_wconf 89' lang='lat' dir='ltr'>uelocitate</span> <span class='ocrx_word' id='word_1_20' title='bbox 339 571 523 631; x_wconf 90' lang='lat' dir='ltr'>certandum</span> <span class='ocrx_word' id='word_1_21' title='bbox 556 577 605 630; x_wconf 96' lang='lat' dir='ltr'>est</span> <span class='ocrx_word' id='word_1_22' title='bbox 636 577 668 630; x_wconf 91' lang='lat' dir='ltr'>et</span> <span class='ocrx_word' id='word_1_23' title='bbox 692 568 777 631; x_wconf 94' lang='lat' dir='ltr'>uelut</span> <span class='ocrx_word' id='word_1_24' title='bbox 801 589 841 630; x_wconf 88' lang='lat' dir='ltr'>ex</span> <span class='ocrx_word' id='word_1_25' title='bbox 867 573 998 632; x_wconf 86' lang='lat' dir='ltr'><strong>torrenti</strong></span> <span class='ocrx_word' id='word_1_26' title='bbox 1022 571 1134 650; x_wconf 89' lang='lat' dir='ltr'>rapido</span> <span class='ocrx_word' id='word_1_27' title='bbox 1158 591 1216 632; x_wconf 92' lang='lat' dir='ltr'>nec</span> <span class='ocrx_word' id='word_1_28' title='bbox 1238 590 1364 650; x_wconf 84' lang='lat' dir='ltr'><strong>semper</strong></span> 
     </span>
    </p>

    <p class='ocr_par' dir='ltr' id='par_1_3' title="bbox 110 669 1405 1184">
     <span class='ocr_line' id='line_1_4' title="bbox 110 669 1363 757; baseline -0.002 -17"><span class='ocrx_word' id='word_1_29' title='bbox 110 693 123 743; x_wconf 79' lang='lat'><strong>3</strong></span> <span class='ocrx_word' id='word_1_30' title='bbox 141 678 220 739; x_wconf 91' lang='lat' dir='ltr'>ituro</span> <span class='ocrx_word' id='word_1_31' title='bbox 245 678 309 738; x_wconf 92' lang='lat' dir='ltr'>cito</span> <span class='ocrx_word' id='word_1_32' title='bbox 333 675 547 737; x_wconf 90' lang='lat' dir='ltr'>hauriendum.</span> <span class='ocrx_word' id='word_1_33' title='bbox 594 674 656 737; x_wconf 93' lang='lat' dir='ltr'>hoc</span> <span class='ocrx_word' id='word_1_34' title='bbox 679 696 807 756; x_wconf 93' lang='lat' dir='ltr'>quoque</span> <span class='ocrx_word' id='word_1_35' title='bbox 823 669 1031 756; x_wconf 81' lang='lat' dir='ltr'>pulcherrime</span> <span class='ocrx_word' id='word_1_36' title='bbox 1046 677 1087 737; x_wconf 94' lang='lat' dir='ltr'>ad</span> <span class='ocrx_word' id='word_1_37' title='bbox 1104 677 1363 757; x_wconf 87' lang='lat' dir='ltr'>exprobrandam</span> 
     </span>
     <span class='ocr_line' id='line_1_5' title="bbox 139 782 1364 864; baseline -0.002 -19"><span class='ocrx_word' id='word_1_38' title='bbox 139 783 292 845; x_wconf 87' lang='lat' dir='ltr'><strong>infinitam</strong></span> <span class='ocrx_word' id='word_1_39' title='bbox 316 783 553 863; x_wconf 83' lang='lat' dir='ltr'>cogitationem,</span> <span class='ocrx_word' id='word_1_40' title='bbox 577 784 665 863; x_wconf 93' lang='lat' dir='ltr'>quod</span> <span class='ocrx_word' id='word_1_41' title='bbox 688 802 752 843; x_wconf 96' lang='lat' dir='ltr'>non</span> <span class='ocrx_word' id='word_1_42' title='bbox 776 782 931 863; x_wconf 87' lang='lat' dir='ltr'>optimam</span> <span class='ocrx_word' id='word_1_43' title='bbox 955 802 1113 864; x_wconf 90' lang='lat' dir='ltr'>quamque</span> <span class='ocrx_word' id='word_1_44' title='bbox 1137 791 1284 856; x_wconf 87' lang='lat' dir='ltr'>aetatem,</span> <span class='ocrx_word' id='word_1_45' title='bbox 1307 783 1364 843; x_wconf 97' lang='lat' dir='ltr'>sed</span> 
     </span>
     <span class='ocr_line' id='line_1_6' title="bbox 139 887 1405 970; baseline -0.002 -19"><span class='ocrx_word' id='word_1_46' title='bbox 139 891 224 951; x_wconf 90' lang='lat' dir='ltr'>diem</span> <span class='ocrx_word' id='word_1_47' title='bbox 250 890 333 952; x_wconf 92' lang='lat' dir='ltr'>dicit.</span> <span class='ocrx_word' id='word_1_48' title='bbox 379 889 455 970; x_wconf 91' lang='lat' dir='ltr'>quid</span> <span class='ocrx_word' id='word_1_49' title='bbox 478 909 605 950; x_wconf 92' lang='lat' dir='ltr'>securus</span> <span class='ocrx_word' id='word_1_50' title='bbox 628 897 660 950; x_wconf 93' lang='lat' dir='ltr'>et</span> <span class='ocrx_word' id='word_1_51' title='bbox 684 889 714 949; x_wconf 94' lang='lat' dir='ltr'>in</span> <span class='ocrx_word' id='word_1_52' title='bbox 731 898 819 951; x_wconf 87' lang='lat' dir='ltr'>tanta</span> <span class='ocrx_word' id='word_1_53' title='bbox 835 897 1017 969; x_wconf 89' lang='lat' dir='ltr'>temporum</span> <span class='ocrx_word' id='word_1_54' title='bbox 1034 887 1107 969; x_wconf 87' lang='lat' dir='ltr'>luga</span> <span class='ocrx_word' id='word_1_55' title='bbox 1123 888 1224 952; x_wconf 91' lang='lat' dir='ltr'>lentus</span> <span class='ocrx_word' id='word_1_56' title='bbox 1240 909 1365 950; x_wconf 91' lang='lat' dir='ltr'>menses</span> <span class='ocrx_word' id='word_1_57' title='bbox 1393 905 1405 943; x_wconf 76' lang='lat'><strong>⁵</strong></span> 
     </span>
     <span class='ocr_line' id='line_1_7' title="bbox 138 995 1365 1076; baseline -0.002 -18"><span class='ocrx_word' id='word_1_58' title='bbox 138 996 196 1058; x_wconf 90' lang='lat' dir='ltr'>tibi</span> <span class='ocrx_word' id='word_1_59' title='bbox 228 1004 261 1057; x_wconf 94' lang='lat' dir='ltr'>et</span> <span class='ocrx_word' id='word_1_60' title='bbox 292 1015 392 1057; x_wconf 91' lang='lat' dir='ltr'>annos</span> <span class='ocrx_word' id='word_1_61' title='bbox 423 1004 455 1056; x_wconf 91' lang='lat' dir='ltr'>et</span> <span class='ocrx_word' id='word_1_62' title='bbox 485 995 614 1076; x_wconf 87' lang='lat' dir='ltr'>longam</span> <span class='ocrx_word' id='word_1_63' title='bbox 647 997 778 1070; x_wconf 88' lang='lat' dir='ltr'>seriem,</span> <span class='ocrx_word' id='word_1_64' title='bbox 809 1004 980 1075; x_wconf 91' lang='lat' dir='ltr'>utcumque</span> <span class='ocrx_word' id='word_1_65' title='bbox 1003 996 1144 1058; x_wconf 92' lang='lat' dir='ltr'>auiditati</span> <span class='ocrx_word' id='word_1_66' title='bbox 1169 1005 1242 1058; x_wconf 91' lang='lat' dir='ltr'>tuae</span> <span class='ocrx_word' id='word_1_67' title='bbox 1264 996 1365 1057; x_wconf 93' lang='lat' dir='ltr'>uisum</span> 
     </span>
     <span class='ocr_line' id='line_1_8' title="bbox 139 1100 1365 1184; baseline -0.002 -20"><span class='ocrx_word' id='word_1_68' title='bbox 139 1112 204 1176; x_wconf 91' lang='lat' dir='ltr'>est,</span> <span class='ocrx_word' id='word_1_69' title='bbox 235 1103 432 1184; x_wconf 82' lang='lat' dir='ltr'>exporrigis?</span> <span class='ocrx_word' id='word_1_70' title='bbox 472 1103 513 1163; x_wconf 92' lang='lat' dir='ltr'>de</span> <span class='ocrx_word' id='word_1_71' title='bbox 545 1103 595 1163; x_wconf 93' lang='lat' dir='ltr'>die</span> <span class='ocrx_word' id='word_1_72' title='bbox 626 1110 731 1163; x_wconf 91' lang='lat' dir='ltr'>tecum</span> <span class='ocrx_word' id='word_1_73' title='bbox 760 1100 897 1183; x_wconf 89' lang='lat' dir='ltr'>loquitur</span> <span class='ocrx_word' id='word_1_74' title='bbox 921 1111 952 1164; x_wconf 92' lang='lat' dir='ltr'>et</span> <span class='ocrx_word' id='word_1_75' title='bbox 976 1102 1017 1163; x_wconf 93' lang='lat' dir='ltr'>de</span> <span class='ocrx_word' id='word_1_76' title='bbox 1041 1102 1103 1163; x_wconf 91' lang='lat' dir='ltr'>hoc</span> <span class='ocrx_word' id='word_1_77' title='bbox 1126 1103 1195 1183; x_wconf 89' lang='lat' dir='ltr'>ipso</span> <span class='ocrx_word' id='word_1_78' title='bbox 1219 1101 1365 1182; x_wconf 83' lang='lat' dir='ltr'>fugiente.</span> 
     </span>
    </p>

    <p class='ocr_par' dir='ltr' id='par_1_4' title="bbox 105 1206 1406 1610">
     <span class='ocr_line' id='line_1_9' title="bbox 105 1206 1366 1289; baseline -0.004 -16"><span class='ocrx_word' id='word_1_79' title='bbox 105 1223 204 1275; x_wconf 84' lang='lat' dir='ltr'>inon</span> <span class='ocrx_word' id='word_1_80' title='bbox 236 1209 367 1270; x_wconf 90' lang='lat' dir='ltr'>dubium</span> <span class='ocrx_word' id='word_1_81' title='bbox 400 1217 448 1270; x_wconf 91' lang='lat' dir='ltr'>est</span> <span class='ocrx_word' id='word_1_82' title='bbox 479 1229 572 1289; x_wconf 90' lang='lat' dir='ltr'>ergo,</span> <span class='ocrx_word' id='word_1_83' title='bbox 604 1209 678 1288; x_wconf 93' lang='lat' dir='ltr'>quin</span> <span class='ocrx_word' id='word_1_84' title='bbox 710 1211 832 1289; x_wconf 92' lang='lat' dir='ltr'>optima</span> <span class='ocrx_word' id='word_1_85' title='bbox 863 1229 1007 1289; x_wconf 91' lang='lat' dir='ltr'>quaeque</span> <span class='ocrx_word' id='word_1_86' title='bbox 1039 1209 1106 1270; x_wconf 92' lang='lat' dir='ltr'>dies</span> <span class='ocrx_word' id='word_1_87' title='bbox 1137 1209 1238 1288; x_wconf 91' lang='lat' dir='ltr'>prima</span> <span class='ocrx_word' id='word_1_88' title='bbox 1269 1206 1366 1288; x_wconf 81' lang='lat' dir='ltr'>fugiat</span> 
     </span>
     <span class='ocr_line' id='line_1_10' title="bbox 139 1313 1366 1397; baseline -0.002 -19"><span class='ocrx_word' id='word_1_89' title='bbox 139 1315 329 1378; x_wconf 88' lang='lat' dir='ltr'>mortalibus</span> <span class='ocrx_word' id='word_1_90' title='bbox 352 1316 480 1390; x_wconf 92' lang='lat' dir='ltr'>miseris,</span> <span class='ocrx_word' id='word_1_91' title='bbox 503 1317 536 1377; x_wconf 94' lang='lat' dir='ltr'>id</span> <span class='ocrx_word' id='word_1_92' title='bbox 557 1325 606 1377; x_wconf 88' lang='lat' dir='ltr'>est</span> <span class='ocrx_word' id='word_1_93' title='bbox 627 1316 806 1397; x_wconf 91' lang='lat' dir='ltr'>occupatis:</span> <span class='ocrx_word' id='word_1_94' title='bbox 834 1336 968 1397; x_wconf 92' lang='lat' dir='ltr'>quorum</span> <span class='ocrx_word' id='word_1_95' title='bbox 985 1313 1108 1395; x_wconf 90' lang='lat' dir='ltr'>puerilis</span> <span class='ocrx_word' id='word_1_96' title='bbox 1124 1314 1228 1376; x_wconf 94' lang='lat' dir='ltr'>adhuc</span> <span class='ocrx_word' id='word_1_97' title='bbox 1244 1317 1366 1376; x_wconf 91' lang='lat' dir='ltr'>animos</span> 
     </span>
     <span class='ocr_line' id='line_1_11' title="bbox 138 1420 1406 1504; baseline -0.006 -19"><span class='ocrx_word' id='word_1_98' title='bbox 138 1433 286 1485; x_wconf 90' lang='lat' dir='ltr'>senectus</span> <span class='ocrx_word' id='word_1_99' title='bbox 310 1423 467 1504; x_wconf 90' lang='lat' dir='ltr'>opprimit,</span> <span class='ocrx_word' id='word_1_100' title='bbox 490 1424 532 1484; x_wconf 92' lang='lat' dir='ltr'>ad</span> <span class='ocrx_word' id='word_1_101' title='bbox 555 1443 651 1503; x_wconf 92' lang='lat' dir='ltr'>quam</span> <span class='ocrx_word' id='word_1_102' title='bbox 675 1423 807 1502; x_wconf 93' lang='lat' dir='ltr'>inparati</span> <span class='ocrx_word' id='word_1_103' title='bbox 830 1423 1027 1501; x_wconf 81' lang='lat' dir='ltr'>inermesque</span> <span class='ocrx_word' id='word_1_104' title='bbox 1051 1421 1245 1502; x_wconf 88' lang='lat' dir='ltr'>perueniunt.</span> <span class='ocrx_word' id='word_1_105' title='bbox 1292 1420 1366 1481; x_wconf 87' lang='lat' dir='ltr'>nihil</span> <span class='ocrx_word' id='word_1_106' title='bbox 1383 1437 1406 1475; x_wconf 86' lang='lat' dir='ltr'>n</span> 
     </span>
     <span class='ocr_line' id='line_1_12' title="bbox 140 1513 1364 1610; baseline -0.003 -18"><span class='ocrx_word' id='word_1_107' title='bbox 140 1531 224 1592; x_wconf 93' lang='lat' dir='ltr'>enim</span> <span class='ocrx_word' id='word_1_108' title='bbox 255 1532 417 1610; x_wconf 91' lang='lat' dir='ltr'>prouisum</span> <span class='ocrx_word' id='word_1_109' title='bbox 446 1538 512 1591; x_wconf 89' lang='lat' dir='ltr'>est:</span> <span class='ocrx_word' id='word_1_110' title='bbox 547 1530 652 1590; x_wconf 90' lang='lat' dir='ltr'>subito</span> <span class='ocrx_word' id='word_1_111' title='bbox 675 1530 706 1589; x_wconf 91' lang='lat' dir='ltr'>in</span> <span class='ocrx_word' id='word_1_112' title='bbox 729 1513 813 1590; x_wconf 92' lang='lat' dir='ltr'>illam</span> <span class='ocrx_word' id='word_1_113' title='bbox 837 1529 1062 1608; x_wconf 91' lang='lat' dir='ltr'>necopinantes</span> <span class='ocrx_word' id='word_1_114' title='bbox 1085 1529 1269 1590; x_wconf 89' lang='lat' dir='ltr'>inciderunt.</span> <span class='ocrx_word' id='word_1_115' title='bbox 1315 1548 1364 1588; x_wconf 92' lang='lat' dir='ltr'>ac-</span> 
     </span>
    </p>

    <p class='ocr_par' dir='ltr' id='par_1_5' title="bbox 108 1635 1406 2143">
     <span class='ocr_line' id='line_1_13' title="bbox 108 1635 1366 1714; baseline -0.003 -15"><span class='ocrx_word' id='word_1_116' title='bbox 108 1637 255 1699; x_wconf 80' lang='lat' dir='ltr'>5cedere</span> <span class='ocrx_word' id='word_1_117' title='bbox 286 1657 358 1698; x_wconf 92' lang='lat' dir='ltr'>eam</span> <span class='ocrx_word' id='word_1_118' title='bbox 389 1637 505 1699; x_wconf 87' lang='lat' dir='ltr'>cotidie</span> <span class='ocrx_word' id='word_1_119' title='bbox 537 1656 600 1696; x_wconf 93' lang='lat' dir='ltr'>non</span> <span class='ocrx_word' id='word_1_120' title='bbox 631 1635 819 1698; x_wconf 87' lang='lat' dir='ltr'>sentiebant.</span> <span class='ocrx_word' id='word_1_121' title='bbox 872 1635 1146 1714; x_wconf 89' lang='lat' dir='ltr'>quemadmodum</span> <span class='ocrx_word' id='word_1_122' title='bbox 1177 1643 1230 1696; x_wconf 92' lang='lat' dir='ltr'>aut</span> <span class='ocrx_word' id='word_1_123' title='bbox 1260 1654 1366 1695; x_wconf 89' lang='lat' dir='ltr'>sermo</span> 
     </span>
     <span class='ocr_line' id='line_1_14' title="bbox 139 1739 1366 1823; baseline -0.002 -18"><span class='ocrx_word' id='word_1_124' title='bbox 139 1752 194 1805; x_wconf 90' lang='lat' dir='ltr'>aut</span> <span class='ocrx_word' id='word_1_125' title='bbox 226 1741 320 1804; x_wconf 88' lang='lat' dir='ltr'>lectio</span> <span class='ocrx_word' id='word_1_126' title='bbox 351 1752 405 1805; x_wconf 92' lang='lat' dir='ltr'>aut</span> <span class='ocrx_word' id='word_1_127' title='bbox 436 1740 539 1823; x_wconf 91' lang='lat' dir='ltr'>aliqua</span> <span class='ocrx_word' id='word_1_128' title='bbox 569 1744 718 1803; x_wconf 88' lang='lat' dir='ltr'>intentior</span> <span class='ocrx_word' id='word_1_129' title='bbox 750 1741 901 1821; x_wconf 87' lang='lat' dir='ltr'>cogitatio</span> <span class='ocrx_word' id='word_1_130' title='bbox 933 1742 991 1803; x_wconf 88' lang='lat' dir='ltr'>iter</span> <span class='ocrx_word' id='word_1_131' title='bbox 1023 1739 1163 1803; x_wconf 83' lang='lat' dir='ltr'>facientis</span> <span class='ocrx_word' id='word_1_132' title='bbox 1195 1741 1310 1820; x_wconf 89' lang='lat' dir='ltr'>decipit</span> <span class='ocrx_word' id='word_1_133' title='bbox 1334 1750 1366 1803; x_wconf 91' lang='lat' dir='ltr'>et</span> 
     </span>
     <span class='ocr_line' id='line_1_15' title="bbox 140 1846 1367 1932; baseline -0.003 -21"><span class='ocrx_word' id='word_1_134' title='bbox 140 1850 320 1932; x_wconf 90' lang='lat' dir='ltr'>peruenisse</span> <span class='ocrx_word' id='word_1_135' title='bbox 352 1870 386 1910; x_wconf 92' lang='lat' dir='ltr'>se</span> <span class='ocrx_word' id='word_1_136' title='bbox 404 1857 490 1928; x_wconf 20' lang='lat' dir='ltr'>&amp;ante</span> <span class='ocrx_word' id='word_1_137' title='bbox 521 1849 659 1911; x_wconf 92' lang='lat' dir='ltr'>sentiunt</span> <span class='ocrx_word' id='word_1_138' title='bbox 690 1868 786 1927; x_wconf 90' lang='lat' dir='ltr'>quam</span> <span class='ocrx_word' id='word_1_139' title='bbox 817 1848 1106 1928; x_wconf 87' lang='lat' dir='ltr'>adpropinquasse:</span> <span class='ocrx_word' id='word_1_140' title='bbox 1141 1847 1186 1907; x_wconf 92' lang='lat' dir='ltr'>sic</span> <span class='ocrx_word' id='word_1_141' title='bbox 1216 1846 1278 1908; x_wconf 93' lang='lat' dir='ltr'>hoc</span> <span class='ocrx_word' id='word_1_142' title='bbox 1309 1847 1367 1909; x_wconf 92' lang='lat' dir='ltr'>iter</span> 
     </span>
     <span class='ocr_line' id='line_1_16' title="bbox 141 1953 1406 2034; baseline -0.002 -18"><span class='ocrx_word' id='word_1_143' title='bbox 141 1957 223 2017; x_wconf 89' lang='lat' dir='ltr'>uitae</span> <span class='ocrx_word' id='word_1_144' title='bbox 240 1957 406 2018; x_wconf 91' lang='lat' dir='ltr'>adsiduum</span> <span class='ocrx_word' id='word_1_145' title='bbox 424 1965 456 2018; x_wconf 93' lang='lat' dir='ltr'>et</span> <span class='ocrx_word' id='word_1_146' title='bbox 472 1955 697 2029; x_wconf 87' lang='lat' dir='ltr'>citatissimum,</span> <span class='ocrx_word' id='word_1_147' title='bbox 713 1956 800 2034; x_wconf 94' lang='lat' dir='ltr'>quod</span> <span class='ocrx_word' id='word_1_148' title='bbox 812 1953 972 2033; x_wconf 89' lang='lat' dir='ltr'>uigilantes</span> <span class='ocrx_word' id='word_1_149' title='bbox 983 1955 1240 2033; x_wconf 87' lang='lat' dir='ltr'>dormientesque</span> <span class='ocrx_word' id='word_1_150' title='bbox 1250 1955 1366 2014; x_wconf 89' lang='lat' dir='ltr'>eodem</span> <span class='ocrx_word' id='word_1_151' title='bbox 1385 1969 1406 2007; x_wconf 77' lang='lat'>¹⁵</span> 
     </span>
     <span class='ocr_line' id='line_1_17' title="bbox 141 2059 1059 2143; baseline -0.004 -19"><span class='ocrx_word' id='word_1_152' title='bbox 141 2063 242 2143; x_wconf 89' lang='lat' dir='ltr'>gradu</span> <span class='ocrx_word' id='word_1_153' title='bbox 266 2062 404 2136; x_wconf 89' lang='lat' dir='ltr'>facimus,</span> <span class='ocrx_word' id='word_1_154' title='bbox 427 2063 589 2143; x_wconf 92' lang='lat' dir='ltr'>occupatis</span> <span class='ocrx_word' id='word_1_155' title='bbox 612 2082 676 2122; x_wconf 92' lang='lat' dir='ltr'>non</span> <span class='ocrx_word' id='word_1_156' title='bbox 700 2071 832 2141; x_wconf 91' lang='lat' dir='ltr'>apparet</span> <span class='ocrx_word' id='word_1_157' title='bbox 856 2061 912 2122; x_wconf 95' lang='lat' dir='ltr'>nisi</span> <span class='ocrx_word' id='word_1_158' title='bbox 935 2063 966 2122; x_wconf 95' lang='lat' dir='ltr'>in</span> <span class='ocrx_word' id='word_1_159' title='bbox 990 2059 1059 2120; x_wconf 85' lang='lat' dir='ltr'>fine.</span> 
     </span>
    </p>

    <p class='ocr_par' dir='ltr' id='par_1_6' title="bbox 111 2166 1407 2889">
     <span class='ocr_line' id='line_1_18' title="bbox 111 2166 1366 2250; baseline -0.003 -19"><span class='ocrx_word' id='word_1_160' title='bbox 111 2179 123 2231; x_wconf 88' lang='lat' dir='ltr'>l</span> <span class='ocrx_word' id='word_1_161' title='bbox 231 2169 271 2230; x_wconf 86' lang='lat' dir='ltr'>X.</span> <span class='ocrx_word' id='word_1_162' title='bbox 303 2168 401 2250; x_wconf 81' lang='lat' dir='ltr'>Quod</span> <span class='ocrx_word' id='word_1_163' title='bbox 424 2171 576 2250; x_wconf 92' lang='lat' dir='ltr'>proposui</span> <span class='ocrx_word' id='word_1_164' title='bbox 600 2171 625 2230; x_wconf 92' lang='lat' dir='ltr'>si</span> <span class='ocrx_word' id='word_1_165' title='bbox 649 2168 679 2228; x_wconf 93' lang='lat' dir='ltr'>in</span> <span class='ocrx_word' id='word_1_166' title='bbox 703 2177 809 2247; x_wconf 92' lang='lat' dir='ltr'>partes</span> <span class='ocrx_word' id='word_1_167' title='bbox 834 2167 926 2228; x_wconf 92' lang='lat' dir='ltr'>uelim</span> <span class='ocrx_word' id='word_1_168' title='bbox 951 2175 983 2228; x_wconf 92' lang='lat' dir='ltr'>et</span> <span class='ocrx_word' id='word_1_169' title='bbox 1007 2175 1194 2246; x_wconf 89' lang='lat' dir='ltr'>argumenta</span> <span class='ocrx_word' id='word_1_170' title='bbox 1211 2166 1366 2238; x_wconf 89' lang='lat' dir='ltr'>diducere,</span> 
     </span>
     <span class='ocr_line' id='line_1_19' title="bbox 142 2274 1366 2357; baseline -0.004 -19"><span class='ocrx_word' id='word_1_171' title='bbox 142 2277 242 2339; x_wconf 90' lang='lat' dir='ltr'>multa</span> <span class='ocrx_word' id='word_1_172' title='bbox 273 2275 348 2337; x_wconf 93' lang='lat' dir='ltr'>mihi</span> <span class='ocrx_word' id='word_1_173' title='bbox 380 2284 560 2350; x_wconf 90' lang='lat' dir='ltr'>occurrent,</span> <span class='ocrx_word' id='word_1_174' title='bbox 591 2296 648 2355; x_wconf 90' lang='lat' dir='ltr'>per</span> <span class='ocrx_word' id='word_1_175' title='bbox 676 2294 758 2355; x_wconf 89' lang='lat' dir='ltr'>quae</span> <span class='ocrx_word' id='word_1_176' title='bbox 781 2274 916 2357; x_wconf 91' lang='lat' dir='ltr'>probem</span> <span class='ocrx_word' id='word_1_177' title='bbox 941 2274 1158 2335; x_wconf 90' lang='lat' dir='ltr'>breuissimam</span> <span class='ocrx_word' id='word_1_178' title='bbox 1183 2292 1252 2334; x_wconf 90' lang='lat' dir='ltr'>esse</span> <span class='ocrx_word' id='word_1_179' title='bbox 1275 2293 1366 2334; x_wconf 90' lang='lat' dir='ltr'>occu·</span> 
     </span>
     <span class='ocr_line' id='line_1_20' title="bbox 141 2364 1367 2473; baseline -0.006 -26"><span class='ocrx_word' id='word_1_180' title='bbox 141 2395 290 2466; x_wconf 92' lang='lat' dir='ltr'>patorum</span> <span class='ocrx_word' id='word_1_181' title='bbox 315 2383 420 2473; x_wconf 91' lang='lat' dir='ltr'>uitam.</span> <span class='ocrx_word' id='word_1_182' title='bbox 466 2381 590 2444; x_wconf 90' lang='lat' dir='ltr'>solebat</span> <span class='ocrx_word' id='word_1_183' title='bbox 613 2382 719 2444; x_wconf 87' lang='lat' dir='ltr'>dicere</span> <span class='ocrx_word' id='word_1_184' title='bbox 742 2364 1003 2456; x_wconf 50' lang='lat' dir='ltr'>Fabianus,&#39;non</span> <span class='ocrx_word' id='word_1_185' title='bbox 1028 2399 1069 2463; x_wconf 82' lang='lat' dir='ltr'>ex</span> <span class='ocrx_word' id='word_1_186' title='bbox 1093 2379 1140 2442; x_wconf 92' lang='lat' dir='ltr'>his</span> <span class='ocrx_word' id='word_1_187' title='bbox 1164 2378 1367 2441; x_wconf 91' lang='lat' dir='ltr'>cathedrariis</span> 
     </span>
     <span class='ocr_line' id='line_1_21' title="bbox 142 2485 1407 2574; baseline -0.009 -22"><span class='ocrx_word' id='word_1_188' title='bbox 142 2489 348 2574; x_wconf 69' lang='lat' dir='ltr'>philosophis</span> <span class='ocrx_word' id='word_1_189' title='bbox 371 2490 429 2551; x_wconf 91' lang='lat' dir='ltr'>sed</span> <span class='ocrx_word' id='word_1_190' title='bbox 452 2509 494 2551; x_wconf 86' lang='lat' dir='ltr'>ex</span> <span class='ocrx_word' id='word_1_191' title='bbox 517 2488 598 2550; x_wconf 90' lang='lat' dir='ltr'>ueris</span> <span class='ocrx_word' id='word_1_192' title='bbox 622 2498 654 2550; x_wconf 92' lang='lat' dir='ltr'>et</span> <span class='ocrx_word' id='word_1_193' title='bbox 677 2489 829 2569; x_wconf 85' lang='lat' dir='ltr'>antiquis:</span> <span class='ocrx_word' id='word_1_194' title='bbox 864 2496 973 2548; x_wconf 83' lang='lat' dir='ltr'>contra</span> <span class='ocrx_word' id='word_1_195' title='bbox 996 2485 1141 2565; x_wconf 81' lang='lat' dir='ltr'>adfectus</span> <span class='ocrx_word' id='word_1_196' title='bbox 1163 2485 1281 2565; x_wconf 78' lang='lat' dir='ltr'>inpetu,</span> <span class='ocrx_word' id='word_1_197' title='bbox 1307 2505 1367 2546; x_wconf 87' lang='lat' dir='ltr'>non</span> <span class='ocrx_word' id='word_1_198' title='bbox 1382 2500 1407 2540; x_wconf 84' lang='lat' dir='ltr'>n</span> 
     </span>
     <span class='ocr_line' id='line_1_22' title="bbox 142 2592 1366 2678; baseline -0.007 -19"><span class='ocrx_word' id='word_1_199' title='bbox 142 2597 319 2678; x_wconf 82' lang='lat' dir='ltr'>suptilitate</span> <span class='ocrx_word' id='word_1_200' title='bbox 337 2594 562 2675; x_wconf 79' lang='lat' dir='ltr'>pugnandum,</span> <span class='ocrx_word' id='word_1_201' title='bbox 585 2615 639 2655; x_wconf 86' lang='lat' dir='ltr'>nec</span> <span class='ocrx_word' id='word_1_202' title='bbox 655 2594 785 2654; x_wconf 81' lang='lat' dir='ltr'>minutis</span> <span class='ocrx_word' id='word_1_203' title='bbox 802 2592 991 2668; x_wconf 79' lang='lat' dir='ltr'>uolneribus,</span> <span class='ocrx_word' id='word_1_204' title='bbox 1010 2592 1070 2654; x_wconf 84' lang='lat' dir='ltr'>sed</span> <span class='ocrx_word' id='word_1_205' title='bbox 1081 2594 1207 2654; x_wconf 81' lang='lat' dir='ltr'>incursu</span> <span class='ocrx_word' id='word_1_206' title='bbox 1223 2600 1366 2652; x_wconf 77' lang='lat' dir='ltr'>auerten-</span> 
     </span>
     <span class='ocr_line' id='line_1_23' title="bbox 143 2697 1366 2781; baseline -0.007 -14"><span class='ocrx_word' id='word_1_207' title='bbox 143 2705 221 2767; x_wconf 84' lang='lat' dir='ltr'>dam</span> <span class='ocrx_word' id='word_1_208' title='bbox 237 2703 347 2781; x_wconf 83' lang='lat' dir='ltr'>aciem,</span> <span class='ocrx_word' id='word_1_209' title='bbox 358 2723 418 2764; x_wconf 89' lang='lat' dir='ltr'>non</span> <span class='ocrx_word' id='word_1_210' title='bbox 428 2700 566 2781; x_wconf 81' lang='lat' dir='ltr'>probam</span> <span class='ocrx_word' id='word_1_211' title='bbox 583 2700 815 2762; x_wconf 68' lang='lat' dir='ltr'>cauillationem</span> <span class='ocrx_word' id='word_1_212' title='bbox 831 2700 1074 2761; x_wconf 48' lang='lat' dir='ltr'>meoniorum</span> <span class='ocrx_word' id='word_1_213' title='bbox 1087 2698 1235 2760; x_wconf 80' lang='lat' dir='ltr'>contundi</span> <span class='ocrx_word' id='word_1_214' title='bbox 1245 2697 1366 2775; x_wconf 85' lang='lat' dir='ltr'>debere,</span> 
     </span>
     <span class='ocr_line' id='line_1_24' title="bbox 144 2805 1368 2889; baseline -0.007 -15"><span class='ocrx_word' id='word_1_215' title='bbox 144 2833 202 2874; x_wconf 85' lang='lat' dir='ltr'>non</span> <span class='ocrx_word' id='word_1_216' title='bbox 226 2809 381 2873; x_wconf 81' lang='lat' dir='ltr'>nellicari.</span> <span class='ocrx_word' id='word_1_217' title='bbox 428 2818 536 2871; x_wconf 92' lang='lat' dir='ltr'>tamen</span> <span class='ocrx_word' id='word_1_218' title='bbox 560 2819 595 2871; x_wconf 92' lang='lat' dir='ltr'>ut</span> <span class='ocrx_word' id='word_1_219' title='bbox 618 2806 673 2869; x_wconf 90' lang='lat' dir='ltr'>illis</span> <span class='ocrx_word' id='word_1_220' title='bbox 697 2827 784 2868; x_wconf 90' lang='lat' dir='ltr'>error</span> <span class='ocrx_word' id='word_1_221' title='bbox 804 2806 1016 2889; x_wconf 87' lang='lat' dir='ltr'>exprobretur</span> <span class='ocrx_word' id='word_1_222' title='bbox 1031 2827 1112 2881; x_wconf 79' lang='lat' dir='ltr'>suuS,</span> <span class='ocrx_word' id='word_1_223' title='bbox 1136 2805 1280 2879; x_wconf 91' lang='lat' dir='ltr'>docendi,</span> <span class='ocrx_word' id='word_1_224' title='bbox 1305 2825 1368 2866; x_wconf 95' lang='lat' dir='ltr'>non</span> 
     </span>
    </p>

    <p class='ocr_par' dir='ltr' id='par_1_7' title="bbox 111 2910 1421 3421">
     <span class='ocr_line' id='line_1_25' title="bbox 111 2910 1421 2998; baseline -0.005 -20"><span class='ocrx_word' id='word_1_225' title='bbox 111 2928 266 2983; x_wconf 68' lang='lat' dir='ltr'>‘etantum</span> <span class='ocrx_word' id='word_1_226' title='bbox 291 2916 477 2998; x_wconf 91' lang='lat' dir='ltr'>deplorandi</span> <span class='ocrx_word' id='word_1_227' title='bbox 500 2925 580 2977; x_wconf 88' lang='lat' dir='ltr'>sunt</span> <span class='ocrx_word' id='word_1_228' title='bbox 626 2914 657 2974; x_wconf 95' lang='lat' dir='ltr'>in</span> <span class='ocrx_word' id='word_1_229' title='bbox 680 2916 738 2975; x_wconf 92' lang='lat' dir='ltr'>tria</span> <span class='ocrx_word' id='word_1_230' title='bbox 761 2923 907 2994; x_wconf 89' lang='lat' dir='ltr'>tempora</span> <span class='ocrx_word' id='word_1_231' title='bbox 927 2915 992 2975; x_wconf 94' lang='lat' dir='ltr'>uita</span> <span class='ocrx_word' id='word_1_232' title='bbox 1008 2913 1172 2974; x_wconf 89' lang='lat' dir='ltr'>diuiditur:</span> <span class='ocrx_word' id='word_1_233' title='bbox 1200 2912 1287 2992; x_wconf 92' lang='lat' dir='ltr'>quod</span> <span class='ocrx_word' id='word_1_234' title='bbox 1303 2910 1367 2985; x_wconf 86' lang='lat' dir='ltr'>luit,</span> <span class='ocrx_word' id='word_1_235' title='bbox 1415 2946 1421 2955; x_wconf 89' lang='lat'><strong>·</strong></span> 
     </span>
     <span class='ocr_line' id='line_1_26' title="bbox 142 3019 1408 3110; baseline -0.009 -21"><span class='ocrx_word' id='word_1_236' title='bbox 142 3028 230 3110; x_wconf 94' lang='lat' dir='ltr'>quod</span> <span class='ocrx_word' id='word_1_237' title='bbox 263 3034 326 3098; x_wconf 91' lang='lat' dir='ltr'>est,</span> <span class='ocrx_word' id='word_1_238' title='bbox 357 3024 445 3105; x_wconf 94' lang='lat' dir='ltr'>quod</span> <span class='ocrx_word' id='word_1_239' title='bbox 477 3021 613 3084; x_wconf 81' lang='lat' dir='ltr'>futurum</span> <span class='ocrx_word' id='word_1_240' title='bbox 646 3030 702 3083; x_wconf 93' lang='lat' dir='ltr'>est.</span> <span class='ocrx_word' id='word_1_241' title='bbox 751 3040 792 3081; x_wconf 86' lang='lat' dir='ltr'>ex</span> <span class='ocrx_word' id='word_1_242' title='bbox 824 3019 871 3081; x_wconf 93' lang='lat' dir='ltr'>his</span> <span class='ocrx_word' id='word_1_243' title='bbox 901 3020 988 3100; x_wconf 92' lang='lat' dir='ltr'>quod</span> <span class='ocrx_word' id='word_1_244' title='bbox 1019 3020 1158 3099; x_wconf 87' lang='lat' dir='ltr'>agimus,</span> <span class='ocrx_word' id='word_1_245' title='bbox 1189 3019 1287 3079; x_wconf 91' lang='lat' dir='ltr'>breue</span> <span class='ocrx_word' id='word_1_246' title='bbox 1310 3026 1367 3091; x_wconf 88' lang='lat' dir='ltr'>est,</span> <span class='ocrx_word' id='word_1_247' title='bbox 1382 3032 1408 3072; x_wconf 77' lang='lat'>25</span> 
     </span>
     <span class='ocr_line' id='line_1_27' title="bbox 143 3123 1368 3215; baseline -0.008 -21"><span class='ocrx_word' id='word_1_248' title='bbox 143 3133 230 3215; x_wconf 94' lang='lat' dir='ltr'>quod</span> <span class='ocrx_word' id='word_1_249' title='bbox 255 3130 354 3192; x_wconf 90' lang='lat' dir='ltr'>acturi</span> <span class='ocrx_word' id='word_1_250' title='bbox 376 3148 493 3202; x_wconf 78' lang='lat' dir='ltr'>sumuS,</span> <span class='ocrx_word' id='word_1_251' title='bbox 517 3127 657 3200; x_wconf 92' lang='lat' dir='ltr'>dubium,</span> <span class='ocrx_word' id='word_1_252' title='bbox 681 3126 768 3207; x_wconf 93' lang='lat' dir='ltr'>quod</span> <span class='ocrx_word' id='word_1_253' title='bbox 792 3125 922 3205; x_wconf 88' lang='lat' dir='ltr'>egimus,</span> <span class='ocrx_word' id='word_1_254' title='bbox 947 3132 1075 3185; x_wconf 89' lang='lat' dir='ltr'>certum.</span> <span class='ocrx_word' id='word_1_255' title='bbox 1122 3123 1184 3185; x_wconf 91' lang='lat' dir='ltr'>hoc</span> <span class='ocrx_word' id='word_1_256' title='bbox 1207 3133 1256 3186; x_wconf 90' lang='lat' dir='ltr'>est</span> <span class='ocrx_word' id='word_1_257' title='bbox 1276 3126 1368 3198; x_wconf 93' lang='lat' dir='ltr'>enim,</span> 
     </span>
     <span class='ocr_line' id='line_1_28' title="bbox 143 3231 1368 3319; baseline -0.007 -18"><span class='ocrx_word' id='word_1_258' title='bbox 143 3243 174 3302; x_wconf 92' lang='lat' dir='ltr'>in</span> <span class='ocrx_word' id='word_1_259' title='bbox 197 3239 286 3319; x_wconf 93' lang='lat' dir='ltr'>quod</span> <span class='ocrx_word' id='word_1_260' title='bbox 306 3236 430 3298; x_wconf 89' lang='lat' dir='ltr'>fortuna</span> <span class='ocrx_word' id='word_1_261' title='bbox 446 3236 491 3296; x_wconf 92' lang='lat' dir='ltr'>ius</span> <span class='ocrx_word' id='word_1_262' title='bbox 507 3233 650 3314; x_wconf 88' lang='lat' dir='ltr'>perdidit,</span> <span class='ocrx_word' id='word_1_263' title='bbox 674 3232 763 3313; x_wconf 94' lang='lat' dir='ltr'>quod</span> <span class='ocrx_word' id='word_1_264' title='bbox 779 3232 809 3292; x_wconf 94' lang='lat' dir='ltr'>in</span> <span class='ocrx_word' id='word_1_265' title='bbox 825 3231 935 3293; x_wconf 91' lang='lat' dir='ltr'>nullius</span> <span class='ocrx_word' id='word_1_266' title='bbox 951 3231 1113 3293; x_wconf 91' lang='lat' dir='ltr'>arbitrium</span> <span class='ocrx_word' id='word_1_267' title='bbox 1130 3232 1236 3292; x_wconf 89' lang='lat' dir='ltr'>reduci</span> <span class='ocrx_word' id='word_1_268' title='bbox 1252 3238 1368 3311; x_wconf 86' lang='lat' dir='ltr'>potest.</span> 
     </span>
     <span class='ocr_line' id='line_1_29' title="bbox 144 3337 1369 3421; baseline -0.008 -14"><span class='ocrx_word' id='word_1_269' title='bbox 144 3345 208 3414; x_wconf 91' lang='lat' dir='ltr'>hoc</span> <span class='ocrx_word' id='word_1_270' title='bbox 237 3343 387 3406; x_wconf 89' lang='lat' dir='ltr'>amittunt</span> <span class='ocrx_word' id='word_1_271' title='bbox 417 3341 571 3421; x_wconf 91' lang='lat' dir='ltr'>occupati.</span> <span class='ocrx_word' id='word_1_272' title='bbox 617 3359 676 3401; x_wconf 92' lang='lat' dir='ltr'>nec</span> <span class='ocrx_word' id='word_1_273' title='bbox 706 3339 789 3400; x_wconf 93' lang='lat' dir='ltr'>enim</span> <span class='ocrx_word' id='word_1_274' title='bbox 820 3337 876 3399; x_wconf 93' lang='lat' dir='ltr'>illis</span> <span class='ocrx_word' id='word_1_275' title='bbox 900 3346 991 3400; x_wconf 93' lang='lat' dir='ltr'>uacat</span> <span class='ocrx_word' id='word_1_276' title='bbox 1014 3338 1184 3418; x_wconf 88' lang='lat' dir='ltr'>praeterita</span> <span class='ocrx_word' id='word_1_277' title='bbox 1206 3338 1369 3417; x_wconf 92' lang='lat' dir='ltr'>respicere,</span> 
     </span>
    </p>
   </div>
   <div class='ocr_carea' id='block_1_3' title="bbox 146 3583 1449 4366">
    <p class='ocr_par' dir='ltr' id='par_1_8' title="bbox 146 3583 1449 4366">
     <span class='ocr_line' id='line_1_30' title="bbox 146 3583 1371 3658; baseline -0.011 -13"><span class='ocrx_word' id='word_1_278' title='bbox 146 3593 162 3645; x_wconf 77' lang='lat'><em>4</em></span> <span class='ocrx_word' id='word_1_279' title='bbox 175 3593 354 3658; x_wconf 82' lang='lat' dir='ltr'>cogitationem</span> <span class='ocrx_word' id='word_1_280' title='bbox 369 3587 531 3642; x_wconf 80' lang='lat' dir='ltr'>deteriores:</span> <span class='ocrx_word' id='word_1_281' title='bbox 547 3587 698 3651; x_wconf 74' lang='lat' dir='ltr'>cognatione</span> <span class='ocrx_word' id='word_1_282' title='bbox 709 3583 769 3639; x_wconf 83' lang='lat' dir='ltr'>cod.</span> <span class='ocrx_word' id='word_1_283' title='bbox 779 3583 880 3653; x_wconf 81' lang='lat' dir='ltr'>Confer</span> <span class='ocrx_word' id='word_1_284' title='bbox 893 3599 979 3654; x_wconf 83' lang='lat' dir='ltr'>snpra</span> <span class='ocrx_word' id='word_1_285' title='bbox 988 3601 1018 3655; x_wconf 85' lang='lat' dir='ltr'>p.</span> <span class='ocrx_word' id='word_1_286' title='bbox 1027 3587 1086 3647; x_wconf 79' lang='lat'>230,</span> <span class='ocrx_word' id='word_1_287' title='bbox 1098 3588 1128 3636; x_wconf 86' lang='lat'>19</span> <span class='ocrx_word' id='word_1_288' title='bbox 1142 3585 1304 3648; x_wconf 81' lang='lat' dir='ltr'>cogitationes</span> <span class='ocrx_word' id='word_1_289' title='bbox 1317 3600 1371 3632; x_wconf 82' lang='lat' dir='ltr'>suas</span> 
     </span>
     <span class='ocr_line' id='line_1_31' title="bbox 146 3669 1368 3746; baseline -0.009 -14"><span class='ocrx_word' id='word_1_290' title='bbox 146 3685 171 3732; x_wconf 91' lang='lat' dir='ltr'>in</span> <span class='ocrx_word' id='word_1_291' title='bbox 189 3683 293 3746; x_wconf 83' lang='lat' dir='ltr'>longum</span> <span class='ocrx_word' id='word_1_292' title='bbox 312 3680 425 3729; x_wconf 82' lang='lat' dir='ltr'>ordinant</span> <span class='ocrx_word' id='word_1_293' title='bbox 516 3676 531 3729; x_wconf 83' lang='grc'>6</span> <span class='ocrx_word' id='word_1_294' title='bbox 551 3677 576 3724; x_wconf 94' lang='lat' dir='ltr'>in</span> <span class='ocrx_word' id='word_1_295' title='bbox 595 3677 696 3740; x_wconf 87' lang='lat' dir='ltr'>longam</span> <span class='ocrx_word' id='word_1_296' title='bbox 716 3676 803 3724; x_wconf 88' lang='lat' dir='ltr'>seriem</span> <span class='ocrx_word' id='word_1_297' title='bbox 818 3671 900 3727; x_wconf 79' lang='lat' dir='ltr'>Gertz</span> <span class='ocrx_word' id='word_1_298' title='bbox 990 3673 1006 3725; x_wconf 76' lang='lat'><em>8</em></span> <span class='ocrx_word' id='word_1_299' title='bbox 1025 3691 1075 3724; x_wconf 92' lang='lat' dir='ltr'>non</span> <span class='ocrx_word' id='word_1_300' title='bbox 1088 3675 1188 3723; x_wconf 90' lang='lat' dir='ltr'>dubium</span> <span class='ocrx_word' id='word_1_301' title='bbox 1202 3669 1368 3725; x_wconf 82' lang='lat' dir='ltr'>deteriores:</span> 
     </span>
     <span class='ocr_line' id='line_1_32' title="bbox 147 3760 1449 3830; baseline -0.009 -10"><span class='ocrx_word' id='word_1_302' title='bbox 147 3778 182 3822; x_wconf 82' lang='lat' dir='ltr'>n1&#39;1</span> <span class='ocrx_word' id='word_1_303' title='bbox 207 3771 309 3820; x_wconf 89' lang='lat' dir='ltr'>dubium</span> <span class='ocrx_word' id='word_1_304' title='bbox 435 3767 530 3830; x_wconf 85' lang='lat' dir='ltr'>optima</span> <span class='ocrx_word' id='word_1_305' title='bbox 554 3781 664 3829; x_wconf 86' lang='lat' dir='ltr'>quaeque</span> <span class='ocrx_word' id='word_1_306' title='bbox 689 3764 741 3812; x_wconf 88' lang='lat' dir='ltr'>dies</span> <span class='ocrx_word' id='word_1_307' title='bbox 766 3764 846 3829; x_wconf 88' lang='lat' dir='ltr'>prima</span> <span class='ocrx_word' id='word_1_308' title='bbox 865 3760 956 3825; x_wconf 76' lang='lat' dir='ltr'>Koch,</span> <span class='ocrx_word' id='word_1_309' title='bbox 980 3764 1075 3827; x_wconf 86' lang='lat' dir='ltr'>optima</span> <span class='ocrx_word' id='word_1_310' title='bbox 1093 3778 1203 3827; x_wconf 88' lang='lat' dir='ltr'>quaeque</span> <span class='ocrx_word' id='word_1_311' title='bbox 1221 3762 1301 3826; x_wconf 86' lang='lat' dir='ltr'>prima</span> <span class='ocrx_word' id='word_1_312' title='bbox 1320 3761 1372 3809; x_wconf 90' lang='lat' dir='ltr'>dies</span> <span class='ocrx_word' id='word_1_313' title='bbox 1441 3782 1449 3798; x_wconf 68' lang='grc' dir='ltr'><em>ν</em></span> 
     </span>
     <span class='ocr_line' id='line_1_33' title="bbox 148 3848 1289 3923; baseline -0.014 -9"><span class='ocrx_word' id='word_1_314' title='bbox 148 3858 245 3914; x_wconf 80' lang='lat' dir='ltr'>Gertz:</span> <span class='ocrx_word' id='word_1_315' title='bbox 267 3859 347 3923; x_wconf 90' lang='lat' dir='ltr'>prima</span> <span class='ocrx_word' id='word_1_316' title='bbox 365 3872 475 3921; x_wconf 89' lang='lat' dir='ltr'>quaeque</span> <span class='ocrx_word' id='word_1_317' title='bbox 494 3855 589 3918; x_wconf 86' lang='lat' dir='ltr'>optima</span> <span class='ocrx_word' id='word_1_318' title='bbox 607 3854 659 3902; x_wconf 91' lang='lat' dir='ltr'>dies</span> <span class='ocrx_word' id='word_1_319' title='bbox 751 3851 784 3904; x_wconf 82' lang='lat'>14</span> <span class='ocrx_word' id='word_1_320' title='bbox 803 3854 942 3916; x_wconf 91' lang='lat' dir='ltr'>peruenisse</span> <span class='ocrx_word' id='word_1_321' title='bbox 953 3869 979 3902; x_wconf 90' lang='lat' dir='ltr'>se</span> <span class='ocrx_word' id='word_1_322' title='bbox 992 3848 1156 3905; x_wconf 78' lang='lat' dir='ltr'>deteriores:</span> <span class='ocrx_word' id='word_1_323' title='bbox 1177 3851 1289 3914; x_wconf 85' lang='lat' dir='ltr'>puenisse</span> 
     </span>
     <span class='ocr_line' id='line_1_34' title="bbox 148 3939 1372 4009; baseline -0.01 -11"><span class='ocrx_word' id='word_1_324' title='bbox 148 3950 250 3998; x_wconf 85' lang='lat' dir='ltr'>sentiunt</span> <span class='ocrx_word' id='word_1_325' title='bbox 263 3943 356 3999; x_wconf 75' lang='lat' dir='ltr'>Koch:</span> <span class='ocrx_word' id='word_1_326' title='bbox 377 3947 455 3994; x_wconf 89' lang='lat' dir='ltr'>sciunt</span> <span class='ocrx_word' id='word_1_327' title='bbox 475 3941 534 3996; x_wconf 79' lang='lat' dir='ltr'>cod.</span> <span class='ocrx_word' id='word_1_328' title='bbox 550 3939 627 4009; x_wconf 78' lang='lat' dir='ltr'>Coris.</span> <span class='ocrx_word' id='word_1_329' title='bbox 643 3945 666 4005; x_wconf 85' lang='lat' dir='ltr'>l,</span> <span class='ocrx_word' id='word_1_330' title='bbox 686 3944 700 3992; x_wconf 84' lang='lat'><strong>3</strong></span> <span class='ocrx_word' id='word_1_331' title='bbox 720 3958 794 4007; x_wconf 91' lang='lat' dir='ltr'>quam</span> <span class='ocrx_word' id='word_1_332' title='bbox 814 3943 849 3990; x_wconf 89' lang='lat' dir='ltr'>ire</span> <span class='ocrx_word' id='word_1_333' title='bbox 867 3958 917 3990; x_wconf 90' lang='lat' dir='ltr'>non</span> <span class='ocrx_word' id='word_1_334' title='bbox 936 3941 1106 4002; x_wconf 86' lang='lat' dir='ltr'>intelleximus,</span> <span class='ocrx_word' id='word_1_335' title='bbox 1124 3940 1239 3988; x_wconf 85' lang='lat' dir='ltr'>transisse</span> <span class='ocrx_word' id='word_1_336' title='bbox 1256 3939 1372 3987; x_wconf 89' lang='lat' dir='ltr'>sentimus</span> 
     </span>
     <span class='ocr_line' id='line_1_35' title="bbox 236 4023 1372 4101; baseline -0.009 -17"><span class='ocrx_word' id='word_1_337' title='bbox 236 4038 281 4085; x_wconf 91' lang='lat' dir='ltr'>iter</span> <span class='ocrx_word' id='word_1_338' title='bbox 301 4037 337 4101; x_wconf 89' lang='lat' dir='ltr'>(er</span> <span class='ocrx_word' id='word_1_339' title='bbox 356 4032 440 4100; x_wconf 81' lang='lat' dir='ltr'>corr.)</span> <span class='ocrx_word' id='word_1_340' title='bbox 533 4030 565 4082; x_wconf 78' lang='lat' dir='ltr'>lb</span> <span class='ocrx_word' id='word_1_341' title='bbox 586 4032 686 4082; x_wconf 81' lang='lat' dir='ltr'>assiduii</span> <span class='ocrx_word' id='word_1_342' title='bbox 706 4023 743 4096; x_wconf 75' lang='lat' dir='ltr'>(as</span> <span class='ocrx_word' id='word_1_343' title='bbox 762 4031 846 4094; x_wconf 79' lang='lat' dir='ltr'>corr.)</span> <span class='ocrx_word' id='word_1_344' title='bbox 922 4028 952 4081; x_wconf 83' lang='lat'>19</span> <span class='ocrx_word' id='word_1_345' title='bbox 972 4029 1124 4078; x_wconf 80' lang='lat' dir='ltr'>cathedraris</span> <span class='ocrx_word' id='word_1_346' title='bbox 1214 4025 1248 4078; x_wconf 81' lang='lat'>20</span> <span class='ocrx_word' id='word_1_347' title='bbox 1273 4026 1372 4074; x_wconf 83' lang='lat' dir='ltr'>affectus</span> 
     </span>
     <span class='ocr_line' id='line_1_36' title="bbox 148 4116 1372 4196; baseline -0.012 -18"><span class='ocrx_word' id='word_1_348' title='bbox 148 4125 238 4196; x_wconf 82' lang='lat' dir='ltr'>(prior</span> <span class='ocrx_word' id='word_1_349' title='bbox 257 4126 269 4173; x_wconf 85' lang='lat' dir='ltr'><strong>f</strong></span> <span class='ocrx_word' id='word_1_350' title='bbox 285 4121 368 4189; x_wconf 78' lang='lat' dir='ltr'>corr.)</span> <span class='ocrx_word' id='word_1_351' title='bbox 465 4121 497 4174; x_wconf 83' lang='lat'>21</span> <span class='ocrx_word' id='word_1_352' title='bbox 519 4121 638 4174; x_wconf 82' lang='lat' dir='ltr'>unhrerib:</span> <span class='ocrx_word' id='word_1_353' title='bbox 660 4122 685 4186; x_wconf 91' lang='lat' dir='ltr'>(u</span> <span class='ocrx_word' id='word_1_354' title='bbox 703 4119 749 4172; x_wconf 79' lang='lat' dir='ltr'>att.</span> <span class='ocrx_word' id='word_1_355' title='bbox 769 4119 853 4187; x_wconf 82' lang='lat' dir='ltr'>corr.)</span> <span class='ocrx_word' id='word_1_356' title='bbox 955 4118 990 4172; x_wconf 80' lang='lat'>22</span> <span class='ocrx_word' id='word_1_357' title='bbox 1013 4136 1063 4168; x_wconf 89' lang='lat' dir='ltr'>non</span> <span class='ocrx_word' id='word_1_358' title='bbox 1082 4119 1185 4182; x_wconf 69' lang='lat' dir='ltr'>proban</span> <span class='ocrx_word' id='word_1_359' title='bbox 1205 4116 1372 4165; x_wconf 86' lang='lat' dir='ltr'>cauillationes</span> 
     </span>
     <span class='ocr_line' id='line_1_37' title="bbox 148 4200 1372 4278; baseline -0.008 -14"><span class='ocrx_word' id='word_1_360' title='bbox 148 4223 189 4267; x_wconf 88' lang='lat' dir='ltr'>eni</span> <span class='ocrx_word' id='word_1_361' title='bbox 208 4212 268 4267; x_wconf 82' lang='lat' dir='ltr'>nod.</span> <span class='ocrx_word' id='word_1_362' title='bbox 287 4229 337 4262; x_wconf 90' lang='lat' dir='ltr'>non</span> <span class='ocrx_word' id='word_1_363' title='bbox 356 4213 462 4277; x_wconf 86' lang='lat' dir='ltr'>probam</span> <span class='ocrx_word' id='word_1_364' title='bbox 482 4211 663 4260; x_wconf 87' lang='lat' dir='ltr'>cauillationem</span> <span class='ocrx_word' id='word_1_365' title='bbox 682 4225 735 4259; x_wconf 85' lang='lat' dir='ltr'>esse</span> <span class='ocrx_word' id='word_1_366' title='bbox 753 4207 877 4278; x_wconf 75' lang='lat' dir='ltr'>Lipsius,</span> <span class='ocrx_word' id='word_1_367' title='bbox 894 4207 973 4260; x_wconf 67' lang='lat' dir='ltr'>&#39;onius</span> <span class='ocrx_word' id='word_1_368' title='bbox 992 4205 1204 4260; x_wconf 81' lang='lat' dir='ltr'>emendationem</span> <span class='ocrx_word' id='word_1_369' title='bbox 1219 4200 1372 4272; x_wconf 72' lang='lat' dir='ltr'>perfecisse</span> 
     </span>
     <span class='ocr_line' id='line_1_38' title="bbox 148 4293 1373 4366; baseline -0.014 -9"><span class='ocrx_word' id='word_1_370' title='bbox 148 4302 213 4357; x_wconf 78' lang='lat' dir='ltr'>milti</span> <span class='ocrx_word' id='word_1_371' title='bbox 223 4300 320 4357; x_wconf 79' lang='lat' dir='ltr'>uideor</span> <span class='ocrx_word' id='word_1_372' title='bbox 332 4298 460 4355; x_wconf 80' lang='lat' dir='ltr'>addendo</span> <span class='ocrx_word' id='word_1_373' title='bbox 479 4301 601 4358; x_wconf 65' lang='lat' dir='ltr'>animum</span> <span class='ocrx_word' id='word_1_374' title='bbox 623 4296 659 4366; x_wconf 81' lang='lat' dir='ltr'>cf.</span> <span class='ocrx_word' id='word_1_375' title='bbox 675 4295 727 4352; x_wconf 79' lang='lat' dir='ltr'>Ot&#39;c.</span> <span class='ocrx_word' id='word_1_376' title='bbox 742 4297 794 4350; x_wconf 85' lang='lat' dir='ltr'>An.</span> <span class='ocrx_word' id='word_1_377' title='bbox 810 4300 851 4360; x_wconf 78' lang='lat'>12,</span> <span class='ocrx_word' id='word_1_378' title='bbox 864 4300 897 4348; x_wconf 85' lang='grc'>44</span> <span class='ocrx_word' id='word_1_379' title='bbox 918 4297 1018 4345; x_wconf 90' lang='lat' dir='ltr'>contudi</span> <span class='ocrx_word' id='word_1_380' title='bbox 1034 4297 1097 4344; x_wconf 89' lang='lat' dir='ltr'>enim</span> <span class='ocrx_word' id='word_1_381' title='bbox 1112 4296 1220 4342; x_wconf 89' lang='lat' dir='ltr'>animum</span> <span class='ocrx_word' id='word_1_382' title='bbox 1234 4299 1257 4341; x_wconf 89' lang='lat' dir='ltr'>et</span> <span class='ocrx_word' id='word_1_383' title='bbox 1270 4293 1373 4340; x_wconf 86' lang='lat' dir='ltr'>fortasse</span> 
     </span>
    </p>
   </div>
   <div class='ocr_carea' id='block_1_4' title="bbox 149 4379 1046 4496">
    <p class='ocr_par' dir='ltr' id='par_1_9' title="bbox 149 4379 1046 4496">
     <span class='ocr_line' id='line_1_39' title="bbox 149 4379 1046 4496; baseline -0.011 -17"><span class='ocrx_word' id='word_1_384' title='bbox 149 4431 210 4488; x_wconf 84' lang='lat' dir='ltr'>uici3</span> <span class='ocrx_word' id='word_1_385' title='bbox 235 4427 259 4481; x_wconf 90' lang='lat' dir='ltr'><em>V</em></span> <span class='ocrx_word' id='word_1_386' title='bbox 259 4443 317 4496; x_wconf 68' lang='lat' dir='ltr'>erp.</span> <span class='ocrx_word' id='word_1_387' title='bbox 338 4425 436 4496; x_wconf 69' lang='lat' dir='ltr'>Georp.</span> <span class='ocrx_word' id='word_1_388' title='bbox 456 4428 481 4487; x_wconf 84' lang='lat'>4,</span> <span class='ocrx_word' id='word_1_389' title='bbox 502 4426 553 4476; x_wconf 80' lang='lat'>240</span> <span class='ocrx_word' id='word_1_390' title='bbox 573 4379 704 4474; x_wconf 45' lang='lat' dir='ltr'>coniunsos</span> <span class='ocrx_word' id='word_1_391' title='bbox 723 4423 820 4472; x_wconf 84' lang='lat' dir='ltr'>animos</span> <span class='ocrx_word' id='word_1_392' title='bbox 909 4418 942 4472; x_wconf 79' lang='lat'>25</span> <span class='ocrx_word' id='word_1_393' title='bbox 962 4436 991 4470; x_wconf 88' lang='lat' dir='ltr'>ex</span> <span class='ocrx_word' id='word_1_394' title='bbox 1011 4383 1046 4468; x_wconf 89' lang='lat' dir='ltr'>his</span> 
     </span>
    </p>
   </div>
   <div class='ocr_carea' id='block_1_5' title="bbox 645 4576 680 4638">
    <p class='ocr_par' dir='ltr' id='par_1_10' title="bbox 645 4576 680 4638">
     <span class='ocr_line' id='line_1_40' title="bbox 645 4576 680 4638; baseline 0 -57"><span class='ocrx_word' id='word_1_395' title='bbox 645 4576 680 4638; x_wconf 34' lang='lat' dir='ltr'>x,</span> 
     </span>
    </p>
   </div>
   <div class='ocr_carea' id='block_1_6' title="bbox 0 0 1547 5092">
    <p class='ocr_par' dir='ltr' id='par_1_11' title="bbox 0 0 1547 5092">
     <span class='ocr_line' id='line_1_41' title="bbox 0 0 1547 5092; baseline 0 0"><span class='ocrx_word' id='word_1_396' title='bbox 0 0 1547 5092; x_wconf 95' lang='lat' dir='ltr'> </span> 
     </span>
    </p>
   </div>
  </div>
 </body>
</html>
