3046 5092
408 333 485 376 DlAL.
501 334 528 375 V.
557 333 597 372 DE
613 332 665 372 lRA
682 332 735 372 ΜΒ,
752 331 791 373 lll.
820 333 853 373 39.
870 333 902 373 40.
918 333 950 372 tl.
1231 335 1291 396 117

17 490 190 550 4εεηῒεηι
222 478 355 543 differet.
402 483 487 542 omni
515 490 582 542 arte
605 483 745 562 requiem
768 479 863 540 furori
886 478 982 539 dabit.
1028 478 1053 538 si
1077 477 1296 538 uehementior

31 587 144 663 erit,
181 595 236 650 aut
265 587 421 669 pudorem
453 587 493 651 illi
523 591 571 649 cui
602 608 666 648 non
696 588 821 649 resistat
851 587 980 648 incutiet
995 581 1064 647 'aut
1095 594 1224 646 metum.
1271 584 1296 644 si

55 690 233 769 infirmior,
264 715 427 756 sermones
450 693 560 757 inferet
584 693 633 755 uel
656 703 765 774 gratos
789 693 837 755 uel
861 713 963 754 nouos
987 702 1019 754 et
1045 690 1214 771 cupiditate
1241 712 1294 752 co-

64 801 415 873 gnoscendiauo‘cabit.
447 802 605 863 medicum
622 803 715 876 aiunt,
740 821 811 862 cum
828 801 911 881 regis
926 799 1021 861 tiliam
1039 818 1147 860 curare
1163 799 1296 860 deberet

72 923 130 969 nec
163 911 229 969 sine
260 907 342 979 ferro
374 917 500 988 posset,
540 909 616 970 dum
647 916 824 970 tumentem
855 927 1030 968 mammam
1061 905 1170 968 leniter
1199 904 1323 980 fouet,s
1407 921 1410 927 ·

79 1013 251 1096 ‘scalpellum
275 1018 409 1097 spongia
431 1025 551 1078 tectum
575 1015 744 1077 induxisse.
791 1024 997 1096 repugnasset
1029 1013 1132 1096 puella
1156 1015 1296 1075 remedio
1388 1024 1391 1034 “

32 1131 35 1140 ’
84 1120 173 1197 palam
193 1118 340 1184 admoto.
379 1124 501 1198 eadem,
525 1124 597 1204 quia
619 1143 683 1184 non
708 1125 898 1203 expectauit,
915 1120 1067 1183 dolorem
1088 1120 1158 1181 tulit
1202 1140 1296 1202 quae-

86 1215 146 1288 dam
170 1248 233 1289 non
258 1229 314 1289 nisi
338 1229 475 1310 decepta
497 1238 654 1292 sanantur.
764 1258 768 1270 ·
824 1247 827 1252 ’
1035 1249 1038 1255 ’
1151 1241 1156 1270 ·

61 1341 69 1392 1
161 1335 231 1398 XL.
278 1335 381 1397 Alteri
412 1337 516 1398 dices:
551 1337 623 1397 uide
653 1357 692 1397 ne
723 1337 851 1397 inimicis
880 1335 1039 1396 iracundia
1066 1344 1121 1397 tua
1144 1333 1299 1415 uoluptati

53 1423 119 1502 ἐὴ.
172 1441 278 1503 alteri:
324 1443 396 1504 uide
439 1463 479 1504 ne
525 1443 711 1523 magnitudo
747 1442 839 1504 animi
878 1444 923 1505 tui
958 1443 1175 1523 creditumque
1213 1443 1297 1521 apud
1317 1457 1338 1495 ¹0

77 1548 240 1630 plerosque
272 1550 368 1610 robur
392 1549 492 1613 cadat.
538 1550 685 1629 indignor
708 1569 759 1610 me
782 1548 925 1611 hercules
949 1559 980 1610 et
1004 1570 1068 1632 non
1091 1551 1215 1611 inuenio
1240 1548 1296 1610 do-

75 1653 155 1717 lendi
179 1659 321 1729 modum,
346 1657 402 1717 sed
426 1665 552 1736 tempus
577 1657 812 1737 expectandum
837 1666 892 1718 est.
929 1656 1017 1718 dabit
1040 1675 1160 1736 poenas
1208 1675 1299 1718 serua

27 1847 32 1851 .
73 1763 155 1824 istud
179 1765 210 1823 in
234 1763 339 1824 animo
363 1773 427 1825 tuo.
467 1783 538 1824 cum
561 1763 688 1843 poteris,
712 1772 744 1825 et
767 1783 826 1843 pro
851 1783 941 1824 mora
963 1764 1086 1825 reddes,
1143 1766 1298 1843 castigare

44 1877 148 1930 tuero
179 1869 368 1931 irascentem
399 1880 432 1932 et
463 1869 544 1930 ultro
577 1869 709 1931 obirasci
739 1871 868 1931 incitare
892 1880 949 1932 est.
995 1873 1081 1931 uarie
1104 1870 1298 1950 adgredieris

71 1974 260 2057 blandeque,
284 1977 340 2038 nisi
362 1976 444 2039 forte
467 1985 557 2038 tanta
579 1996 716 2056 persona
733 1979 800 2051 eriS,
824 1987 859 2040 ut
875 1980 976 2057 possis
992 1980 1070 2038 iram
1088 1977 1300 2050 conminuere,
1318 1992 1339 2030 n

71 2083 347 2163 quemadmodum
376 2081 448 2145 fecit
478 2086 568 2144 diuus
593 2083 772 2163 Augustus,
804 2104 875 2145 cum
900 2093 1027 2146 cenaret
1051 2085 1136 2164 apud
1160 2083 1299 2144 Vedium

71 2188 257 2251 Pollionem.
303 2189 439 2270 fregerat
463 2211 541 2251 unus
565 2211 606 2250 ex
638 2193 735 2252 seruis
766 2192 831 2251 eius
863 2190 1084 2253 crustallinum.
1131 2192 1196 2271 rapi
1228 2210 1300 2251 eum

73 2296 195 2358 Vedius
226 2297 312 2358 iussit
343 2317 383 2358 ne
414 2296 534 2377 uolgari
564 2297 691 2378 quidem
720 2317 809 2358 more
833 2299 1012 2378 periturum.
1060 2297 1196 2359 murenis
1213 2296 1301 2371 obici

72 2401 251 2478 iubebatur,
275 2423 353 2485 quas
375 2405 510 2482 ingentis
533 2407 564 2466 in
587 2405 705 2484 piscina
729 2404 913 2466 continebat
952 2406 1021 2484 quis
1044 2425 1108 2465 non
1132 2403 1195 2465 hoc
1216 2402 1301 2465 illum

44 2518 199 2589 lputaret
237 2510 378 2572 luxuriae
408 2531 502 2572 causa
532 2510 657 2572 facere?
696 2514 824 2573 saeuitia
855 2522 931 2574 erat.
978 2513 1076 2572 euasit
1109 2532 1126 2572 e
1157 2511 1301 2573 manibus
1316 2525 1341 2562 '20

73 2637 148 2698 puer
172 2625 205 2678 et
229 2617 370 2697 confugit
393 2620 434 2678 ad
460 2617 600 2680 Caesaris
624 2619 723 2698 pedes
746 2618 820 2679 nihil
845 2619 930 2680 aliud
954 2621 1123 2700 petituruS,
1148 2638 1243 2698 quam
1268 2626 1301 2678 ut

75 2723 160 2786 aliter
183 2725 309 2804 periret,
332 2745 372 2786 ne
393 2744 466 2786 esca
488 2723 585 2786 fieret.
617 2734 724 2787 motus
749 2735 796 2788 est
820 2727 961 2787 nouitate
977 2724 1168 2787 crudelitatis
1185 2725 1303 2786 Caesar
1380 2738 1382 2744 ’

77 2840 105 2892 et
133 2830 222 2894 illum
253 2831 381 2912 quidem
413 2832 511 2905 mitti,
542 2831 719 2893 crustallina
749 2841 857 2895 autem
882 2835 989 2894 omnia
1012 2852 1120 2894 coram
1144 2851 1186 2893 se·
1203 2831 1303 2911 frangi

52 2940 160 3000 liussit
191 2937 395 3019 conplerique
426 2938 584 3018 piscinam.
631 2937 688 3001 fuit
712 2939 839 3002 Caesari
870 2940 914 3000 sic
947 2940 1149 3019 castigandus
1173 2941 1301 3000 amicus.
1352 2931 1354 2935 ⁴

80 3043 154 3107 bene
184 3066 260 3107 usus
292 3055 340 3106 est
372 3045 487 3107 uiribus
518 3047 587 3106 suis
634 3065 652 3107 e
676 3047 820 3107 conuiuio
851 3047 918 3126 rapi
941 3046 1085 3107 homines
1109 3049 1246 3126 imperas
1269 3053 1302 3106 et
1316 3056 1343 3095 ²⁵

83 3152 149 3213 noui
177 3154 302 3231 generis
332 3152 442 3233 poenis
473 3150 639 3214 lancinari?
679 3153 703 3213 si
734 3152 815 3213 calix
848 3163 920 3214 tuus
949 3151 1063 3215 fractus
1087 3161 1152 3227 est,
1186 3154 1304 3213 uiscera

86 3255 212 3320 hominis
243 3257 474 3320 distrahentur?
514 3268 636 3321 tantum
670 3259 726 3321 tibi
757 3259 912 3340 placebiS,
943 3268 978 3322 ut
1006 3259 1049 3321 ibi
1073 3256 1209 3340 aliquem
1233 3259 1304 3319 duci

91 3361 192 3439 iubeas
216 3364 269 3426 ubi
294 3362 411 3426 Caesar
435 3369 504 3426 est?
786 3366 787 3370 ’

72 3475 78 3524 l
166 3471 248 3533 XLI.
286 3469 320 3533 Si
344 3472 392 3532 cui
415 3480 539 3535 tantum
563 3473 725 3552 potentiae
749 3481 805 3546 est,
830 3481 863 3534 ut
887 3474 964 3535 iram
988 3495 1031 3535 ex
1054 3475 1214 3554 superiore
1230 3472 1304 3535 loco

104 3619 293 3630 *a*

101 3711 204 3768 linieret
229 3734 300 3771 unus
320 3717 500 3772 deteriorum:
527 3696 597 3767 insert
708 3719 740 3772 10
766 3725 824 3784 aput
933 3721 964 3772 ll
992 3722 1075 3782 alteri,
1102 3719 1177 3790 quod
1194 3720 1307 3790 punctis

102 3807 198 3858 rotarum
217 3815 279 3877 post
297 3809 371 3857 cadat
390 3805 468 3860 lrabet
488 3805 588 3872 codex,
608 3823 703 3859 nerum
722 3824 775 3859 rum
791 3799 855 3860 'esre
874 3814 992 3878 apparet
1094 3811 1121 3862 12
1141 3827 1217 3875 penas

795 3909 808 3933 u

103 3939 124 3991 13
144 3947 203 3998 istud
220 3953 245 3999 in
269 3952 344 4017 (arete
363 3952 387 3998 in
406 3965 462 4002 ras.
484 3956 513 4000 ut
531 3947 651 4013 uidetur)
755 3952 846 4015 poteris
952 3950 984 4003 14
1010 3953 1161 4016 aggredieris
1180 3951 1270 4021 (prior
1288 3915 1321 4015 g¹

98 4039 163 4098 corr„
183 4037 267 4107 gfur't
285 4038 439 4108 suprascr.)
528 4038 559 4089 lli
580 4046 637 4102 aput
725 4038 756 4089 ld
775 4039 869 4103 uulgari
948 4040 980 4092 21
1001 4041 1066 4089 aliud
1086 4040 1114 4106 (d
1133 4056 1171 4093 ecc
1190 4050 1198 4089 t
1218 4040 1303 4105 corr.)

401 4139 414 4164 u

176 4178 205 4233 26
223 4183 292 4247 penis
382 4189 418 4231 tus
521 4178 554 4232 29
579 4182 614 4229 sic
634 4182 671 4230 cui
690 4196 762 4233 renus
781 4180 954 4248 deteriorum,
976 4179 1071 4245 Gertz,
1091 4181 1141 4250 qui
1157 4188 1245 4234 tamen
1264 4181 1302 4234 ila

88 4247 148 4313 laec
178 4282 231 4323 cum
255 4268 443 4340 superioribus
467 4267 655 4337 corrumpenda
678 4269 796 4320 arnoni
819 4269 918 4338 capitis
940 4269 1043 4323 inituim
1063 4286 1080 4320 α
1098 4269 1190 4322 uerbis
1215 4287 1303 4334 pacem

85 4339 175 4436 dimus
191 4357 348 4414 ordiendum
367 4374 427 4412 esse
446 4374 500 4410 nou
518 4357 671 4428 parsurum
697 4359 787 4427 itaque
813 4355 947 4425 defectrrm
966 4374 1025 4411 cum
1041 4357 1158 4412 Grutero
1172 4363 1198 4410 et
1213 4358 1305 4428 Liparo

80 4438 236 4505 trameant
