3046 5092
232 344 295 404 242
431 339 509 382 DIAL.
524 339 552 380 X.
580 339 622 378 AD
637 336 794 378 PAVLINVM
808 337 849 378 Dr:
863 336 1033 379 BREVITATE
1047 337 1145 380 VITAE.
1175 339 1208 381 l'l.
1223 338 1257 380 18.

230 485 451 566 procuratione
489 484 670 546 consenuit:
697 468 785 546 *suis
812 483 925 564 opibus
963 483 1128 544 detinetur.
1182 482 1319 544 Marium
1355 481 1491 562 caligas

230 592 366 653 dimisit:
406 590 586 652 consulatus
622 599 759 653 exercet.
806 588 952 670 Quintius
978 590 1171 651 dictaturam
1202 598 1354 670 properat
1385 609 1456 672 per·

231 698 367 759 uadere:
407 697 447 759 ab
479 705 583 758 aratro
614 695 820 760 reuocabitur.
865 691 923 756 ibit
955 695 985 756 in
1016 695 1141 756 Poenos
1171 696 1316 758 nondum
1347 704 1457 759 tantae

232 814 372 886 maturus
401 804 444 864 rei
468 801 583 884 Scipio,
629 803 730 864 uictor
753 800 953 875 Hannibalis,
985 801 1085 863 uictor
1108 801 1276 875 Antiochi,
1308 805 1357 864 sui
1381 823 1455 864 con-

205 910 348 972 ssulatus
372 910 484 984 decus,
516 908 642 971 fraterni
666 928 814 990 sponsor,
837 909 868 969 ni
891 927 948 990 per
970 909 1073 989 ipsum
1097 927 1187 970 mora
1210 909 1258 982 sit,
1283 929 1356 970 cum
1380 908 1456 970 Ioue

231 1026 419 1098 reponetur:
454 1016 557 1077 ciuiles
585 1025 779 1077 seruatorem
804 1015 847 1076 rei
870 1012 1014 1103 publicae
1038 1014 1205 1095 agitabunt
1227 1015 1400 1077 seditiones
1424 1023 1457 1078 et

230 1131 304 1203 post
327 1120 481 1184 fastiditos
504 1142 523 1183 a
546 1123 656 1184 iuuene
680 1121 728 1183 dis
752 1141 870 1201 aequos
894 1121 1032 1183 honores
1055 1121 1118 1182 iam
1134 1140 1243 1182 senem
1260 1123 1456 1184 contumacis

230 1230 303 1291 exili
327 1227 497 1292 delectabit
521 1228 661 1290 ambitio.
708 1247 881 1308 numquam
904 1228 1038 1289 deerunt
1061 1227 1111 1288 uel
1133 1225 1239 1288 felices
1255 1227 1306 1290 uel
1322 1229 1455 1291 miserae

230 1335 442 1398 sollicitudinis
466 1355 585 1397 causae.
632 1355 689 1417 per
712 1334 934 1416 occupationes
959 1336 1022 1396 uita
1044 1334 1195 1397 trudetur.
1238 1335 1340 1396 otium
1353 1355 1452 1414 num-

192 1461 216 1501 ιο
230 1463 325 1524 quam
350 1451 469 1522 agetur,
493 1461 619 1521 semper
643 1439 810 1521 optabitur.

319 1548 427 1610 XVIII
481 1548 629 1628 Excerpe
659 1548 766 1627 itaque
795 1556 828 1608 te
859 1545 972 1626 uolgo,
1005 1546 1132 1608 Pauline
1163 1547 1338 1622 carissime,
1370 1557 1403 1610 et
1424 1549 1480 1612 inl

148 1644 159 1659 ⁸
229 1655 473 1736 tranquilliorem
511 1663 639 1734 portum
677 1673 742 1714 non
780 1673 838 1733 pro
877 1653 989 1715 aetatis
1025 1654 1128 1733 spatio
1158 1655 1292 1715 iactatus
1322 1656 1453 1716 tandem

229 1761 349 1823 recede.
396 1761 517 1841 cogita,
553 1767 632 1841 quot
668 1759 779 1821 fluctus
810 1759 954 1833 subieris,
992 1767 1070 1840 quot
1100 1739 1309 1840 tempestates
1339 1762 1453 1843 partim

229 1871 366 1950 priuatas
398 1867 594 1940 sustinueris,
626 1866 741 1946 partim
772 1865 913 1946 publicas
936 1867 967 1927 in
990 1874 1022 1927 te
1047 1867 1245 1928 conuerteris.
1293 1869 1369 1930 satis
1392 1870 1453 1931 iam

189 1991 214 2034 15
229 1995 285 2054 per
308 1973 467 2036 laboriosa
490 1982 522 2035 et
545 1974 682 2053 inquieta
705 1972 897 2057 documenta
921 1972 1063 2035 exhibita
1086 1972 1182 2034 uirtus
1206 1982 1272 2035 est:
1300 1976 1452 2055 experire,

229 2082 305 2162 quid
335 2082 366 2142 in
398 2082 465 2143 otio
488 2080 587 2142 faciat.
635 2082 736 2141 maior
766 2099 839 2160 pars
863 2081 991 2153 aetatis,
1022 2087 1107 2140 certe
1131 2078 1243 2141 melior
1266 2081 1454 2162 reipublicae

229 2188 304 2248 data
329 2196 392 2248 est:
420 2187 536 2267 aliquid
559 2187 711 2266 temporis
734 2187 780 2247 tui
802 2205 892 2247 sume
915 2187 1009 2248 etiam
1034 2186 1097 2249 tibi.
1129 2206 1188 2248 nec
1210 2195 1243 2248 te
1263 2188 1304 2248 ad
1322 2196 1482 2268 segnem2

229 2302 283 2355 aut
314 2294 445 2354 inertem
470 2293 607 2374 quietem
633 2313 734 2354 uoco:
765 2312 830 2353 non
853 2300 888 2353 ut
910 2312 1025 2354 somno
1049 2300 1081 2353 et
1104 2295 1182 2354 caris
1204 2293 1319 2354 turbae
1342 2294 1452 2377 uolup-

230 2399 355 2473 tatibus
379 2399 530 2479 quidquid
555 2407 603 2461 est
626 2399 656 2459 in
679 2406 712 2459 te
734 2398 847 2459 indolis
870 2399 1007 2474 uiuidae,
1031 2419 1165 2479 mergas
1211 2419 1276 2460 non
1299 2410 1349 2463 est
1370 2404 1453 2464 istud

191 2523 216 2561 n
231 2506 450 2585 adquiescere:
492 2506 630 2567 inuenies
668 2507 788 2567 maiora
827 2504 974 2566 omnibus
1012 2504 1115 2567 adhuc
1153 2515 1279 2568 strenue
1314 2509 1454 2571 tractatis

231 2613 395 2692 operibuS‚
426 2631 507 2690 quae
534 2611 690 2692 repositus
713 2620 746 2672 et
769 2631 895 2672 securus
919 2612 1026 2690 agites,
1073 2620 1106 2673 tu
1130 2613 1257 2694 quidem
1282 2614 1369 2676 orbis
1393 2621 1485 2678 ter-3

231 2738 334 2779 rarum
371 2719 508 2779 rationes
539 2719 743 2794 administras
766 2724 833 2778 tam
865 2717 1059 2779 abstinenter
1089 2739 1185 2798 quam
1215 2719 1349 2795 alienas,
1388 2731 1453 2785 tam

231 2823 397 2904 diligenter
427 2845 522 2906 quam
547 2833 631 2898 tuas,
663 2832 729 2884 tam
753 2823 897 2903 religiose
920 2844 1015 2904 quam
1039 2823 1188 2905 publicas.
1234 2828 1266 2888 in
1289 2847 1326 2887 eo
1350 2827 1455 2891 officio
1494 2837 1499 2861 ¹

230 2950 372 2992 amorem
397 2931 605 3011 consequeris
628 2931 657 2991 in
681 2950 745 3010 quo
770 2929 878 2991 odium
901 2931 1000 2991 uitare
1023 2929 1146 2992 difficile
1170 2940 1232 2994 est:
1258 2933 1315 2994 sed
1336 2944 1454 3010 tamen,

191 3054 216 3093 n
231 3036 305 3098 mihi
337 3038 446 3111 crede,
477 3037 572 3098 satius
596 3043 644 3096 est
668 3038 750 3116 uitae
773 3056 848 3097 suae
872 3036 1025 3098 rationem
1049 3057 1144 3116 quam
1169 3032 1316 3102 frumenti
1338 3041 1455 3122 publici

230 3163 333 3206 nosse.
378 3145 470 3205 istum
495 3143 588 3204 animi
612 3142 772 3222 uigorem,
801 3163 904 3204 rerum
928 3145 1139 3205 maximarum
1163 3146 1412 3225 capacissimum,
1435 3153 1498 3211 al·

321 3372 334 3421 1
355 3371 473 3420 detinetur
495 3369 549 3423 El:
571 3373 719 3421 destinetur
809 3372 890 3436 caliga
909 3370 971 3424 olim
990 3343 1078 3424 carra
1099 3373 1182 3437 caligo
1272 3375 1288 3427 2
1314 3379 1455 3429 consulatus

231 3457 394 3512 deteriores:
417 3461 569 3511 consulatur
676 3462 809 3525 peruadere
830 3458 998 3515 Graaoaias:
1019 3463 1126 3528 pandere
1233 3461 1249 3515 3
1274 3482 1352 3530 penos

230 3549 246 3599 4
266 3549 376 3597 antiochi
396 3549 456 3611 (anti
474 3548 504 3611 ia
520 3555 588 3610 aas.)
680 3549 695 3600 5
720 3552 745 3598 ni
764 3567 808 3615 per
827 3549 896 3604 det:
917 3567 992 3615 neper
1082 3549 1098 3602 6
1123 3558 1254 3617 reponetur
1273 3551 1329 3606 El:
1350 3572 1455 3622 repone-

230 3645 293 3686 retur
366 3638 449 3686 ciuiles
469 3640 543 3701 (ante
558 3655 571 3687 c
584 3653 685 3691 rasura
704 3637 821 3690 duarum
839 3636 886 3692 ael
903 3638 983 3690 triam
997 3637 1157 3703 litterarum,
1176 3647 1207 3693 at
1219 3639 1254 3695 de
1266 3644 1356 3694 ciuium
1370 3646 1456 3697 ciuiles

230 3760 351 3830 copitare
365 3713 462 3826 acenti
556 3769 703 3812 seruatorem
718 3764 868 3827 reipublicae
880 3759 1009 3832 Maduip:
1030 3771 1177 3815 seruatorem
1275 3766 1291 3820 ἵ
1311 3729 1428 3821 abiuuene
1438 3790 1455 3821 s

229 3885 277 3935 diis
295 3860 470 3934 eq⁰⁰⁸h0n0rez
560 3884 577 3938 8
596 3903 718 3952 nunquam
737 3889 823 3937 <lerunt
842 3891 902 3952 (nun
920 3887 948 3940 in
967 3889 1034 3956 ras.)
1136 3889 1152 3942 9
1171 3891 1221 3940 uita
1239 3892 1346 3942 trudetur
1358 3891 1456 3948 Haase

229 3976 292 4040 (uita
311 3974 419 4023 eludetur
438 3971 586 4027 Pincianus
593 3994 600 4033 ;
628 3973 663 4043 cf.
684 3973 794 4030 Patron.
815 3979 847 4029 45
867 3976 903 4033 ia.
922 3979 957 4026 sic
975 3979 1026 4027 uita
1045 3976 1171 4044 truditur):
1198 3980 1248 4044 uite
1267 3981 1364 4032 rudetur

229 4116 262 4168 13
281 4069 347 4182 quod
367 4115 407 4169 bis
499 4116 530 4168 14
556 4118 605 4166 inte
624 4119 794 4168 conuerterisr
889 4121 970 4168 satis*
1063 4117 1095 4171 16
1114 4122 1192 4171 lnolio
1212 4121 1258 4188 (tio
1277 4129 1361 4186 corn)

228 4258 327 4311 rei.P..
421 4258 452 4311 17
478 4260 536 4308 data
554 4269 590 4309 est
608 4256 739 4330 Madaip:
760 4261 818 4309 data
837 4263 867 4310 sit
975 4246 1008 4315 18
1033 4264 1103 4314 turbe
1212 4264 1244 4318 19
1267 4224 1357 4316 indolis

228 4347 325 4395 uiuidae
345 4363 442 4411 mergas
460 4345 570 4401 Haase:
591 4351 639 4399 uiui
660 4351 789 4415 demergas
809 4361 812 4367 ’
878 4353 941 4400 Istud
960 4349 986 4419 (d
1006 4354 1088 4416 corr.)
1178 4352 1210 4406 21
1231 4356 1350 4420 repositus
1368 4357 1404 4420 (re
1421 4355 1453 4408 t'a

226 4435 293 4498 ras.)
385 4435 419 4487 22
438 4440 464 4487 ta
484 4438 578 4501 (corr.)
669 4437 703 4490 23
722 4440 746 4487 in
765 4456 795 4488 eo
814 4440 899 4488 officio
919 4438 1025 4494 Haase:
1047 4443 1072 4490 ln
1090 4442 1175 4493 officio
