3046 5092
471 322 604 367 DlAL.IV.
633 323 674 363 DE
688 323 741 363 IRA
755 323 810 365 LIB.
827 324 855 365 ΙΙ.
886 326 968 367 11.1·z.
1296 331 1336 391 65

126 479 208 534 terret
244 479 276 532 et
315 471 460 551 trepidat.
513 491 579 531 non
617 479 665 531 est
681 452 684 459 ¹
703 490 781 551 ergo
813 492 910 551 quare
940 472 1142 552 concupiscat
1173 471 1337 552 quisquam
1415 478 1421 486 “

130 577 233 661 sapiens
252 577 363 650 timeri,
385 596 444 638 nec
459 575 534 638 ideo.
548 576 625 637 iram
642 589 794 656 magnum
811 578 962 658 quiddam
978 586 1076 659 putet,
1092 578 1165 658 quia
1180 576 1337 638 formidini

134 694 182 758 est,
207 683 353 765 quoniam
384 683 512 763 quidem
537 682 631 743 etiam
656 683 928 764 contemptissima
950 685 1099 745 timentur
1122 692 1156 745 ut
1179 690 1336 744 uenenato

112 789 230 853 thestiae
257 787 426 871 pestiferae
456 809 571 850 morsu.
618 808 677 850 nec
700 789 812 851 mirum
836 798 900 864 est,
924 809 996 870 cum
1019 791 1179 851 maximos
1201 788 1336 851 ferarum

136 895 326 977 greges'linea
348 894 449 977 pinnis
472 895 619 956 distincta
642 896 801 963 contineat
825 904 857 956 et
880 896 911 957 in
934 896 1058 957 insidias
1082 905 1170 976 agat,
1202 894 1243 957 ab
1266 897 1362 977 ipsos

137 1001 224 1064 ellectu
247 1003 332 1063 dicta
347 1000 501 1063 formido:
528 1002 616 1062 uanis
632 1003 715 1063 enim
730 1022 812 1063 uana
828 1002 940 1063 terrori
955 1011 1035 1065 sunt.
1075 1002 1214 1064 curriculi
1231 1009 1337 1064 motus

100 1129 105 1134 ·
137 1119 310 1189 rotarumque
341 1116 466 1170 uersata
495 1105 588 1168 facies
619 1107 727 1169 leones
758 1108 873 1188 redigit
903 1108 933 1168 in
964 1127 1103 1170 caueam.
1150 1107 1336 1190 elephantos

114 1216 236 1297 rporeina
265 1235 333 1276 uox
362 1221 467 1276 terret
513 1213 558 1274 sic
584 1215 689 1295 itaque
716 1215 761 1275 ira
784 1215 946 1289 metuitur,
969 1215 1135 1295 quomodo
1158 1213 1272 1275 umbra
1295 1212 1336 1274 ab

136 1319 289 1396 irlantibuS,
321 1340 341 1382 a
370 1318 441 1382 feris
471 1319 587 1381 rubens
610 1320 713 1401 pinna.
760 1341 824 1382 non
847 1321 915 1402 ipsa
937 1322 969 1382 in
991 1341 1026 1382 se
1049 1321 1215 1402 quicquam
1239 1304 1337 1380 habet

136 1425 232 1490 fimum
254 1436 309 1489 aut
333 1425 423 1498 forte,
447 1427 505 1487 sed
528 1425 616 1488 leues
639 1428 761 1488 animos
786 1435 903 1488 mouet.
1351 1447 1374 1486 ιο

114 1536 123 1587 1
200 1533 263 1596 ΧΗ.
295 1533 459 1614 Nequitia,
481 1533 596 1612 inquit,
627 1534 668 1594 de
692 1553 795 1594 rerum
819 1541 930 1595 natura
953 1532 1095 1595 tollenda
1117 1543 1182 1609 est,
1212 1534 1238 1595 si
1260 1531 1336 1594 uelis

136 1637 191 1702 iram
214 1639 341 1703 tollere:
381 1648 528 1702 neutrum
553 1647 660 1701 autem
684 1648 792 1722 potest
815 1639 888 1702 fieri.
934 1642 1070 1721 primum
1093 1648 1203 1721 potest
1227 1638 1336 1720 aliquis

135 1762 182 1806 non
199 1746 313 1827 algere,
345 1748 489 1829 quamuis
513 1767 555 1807 ex
579 1767 682 1807 rerum
706 1754 818 1808 natura
839 1745 941 1808 hiems
964 1747 1015 1821 sit,
1041 1755 1072 1808 et
1096 1766 1160 1807 non
1183 1754 1336 1820 aestuare,

135 1855 248 1931 quamuis
285 1874 412 1915 menses
450 1854 561 1915 aestiui
599 1852 669 1913 sint.
722 1861 776 1914 aut
815 1850 877 1914 loci
914 1851 1069 1914 beneficio
1108 1853 1260 1914 aduersus
1290 1852 1334 1913 in-

89 2010 94 2015 .
135 1960 290 2040 temperiem
321 1961 394 2021 anni
421 1968 508 2020 tutus
531 1967 580 2021 est
607 1967 661 2020 aut
684 1959 835 2040 patientia
859 1960 1000 2040 corporis
1023 1979 1151 2020 sensum
1175 1959 1335 2039 utriusque
1349 1978 1374 2019 15
1405 2011 1408 2018 .

112 2065 241 2142 iperuicit.
296 2066 412 2127 deinde
443 2073 532 2127 uerte
563 2064 665 2128 istud:
714 2084 844 2127 necesse
876 2072 923 2126 est
953 2065 1038 2145 prius
1068 2065 1260 2127 iracundiam
1291 2085 1333 2125 ex

134 2154 214 2233 animo
232 2169 326 2234 tollas
349 2191 445 2253 quam
469 2172 617 2233 uirtutem
641 2171 780 2253 recipias,
804 2172 955 2253 quoniam
979 2191 1051 2232 cum
1076 2170 1241 2233 uirtutibus
1260 2171 1334 2233 uitia
1431 2248 1434 2254 ¹

133 2291 179 2335 non
196 2286 323 2353 coeunt,
346 2297 405 2338 nec
428 2277 529 2358 magis
552 2277 718 2359 quisquam
742 2278 858 2339 eodem
882 2286 1028 2358 tempore
1052 2286 1084 2338 et
1107 2278 1203 2340 iratus
1225 2286 1335 2359 potest
1415 2265 1416 2268 ¹

110 2385 182 2443 iesse
206 2394 234 2446 et
272 2385 318 2446 uir
355 2384 460 2445 bonus
490 2404 586 2465 quam
617 2403 713 2463 aeger
745 2392 776 2445 et
807 2403 909 2445 sanus.
962 2403 1028 2445 non
1065 2392 1190 2465 potest,
1234 2384 1333 2465 inquit

132 2490 208 2552 omis
232 2512 274 2553 ex
297 2490 404 2553 animo
427 2490 472 2553 ira
494 2489 579 2552 tolli:
613 2510 673 2551 nec
695 2488 758 2551 hoc
780 2488 917 2552 hominis
940 2498 1051 2552 natura
1073 2491 1198 2572 patitur.
1244 2491 1371 2571 atquin

131 2589 185 2654 nihil
210 2606 254 2659 est
284 2606 352 2658 tam
384 2595 508 2658 difficile
539 2604 572 2657 et
593 2597 726 2658 arduum
750 2597 839 2677 quod
863 2617 928 2657 non
951 2595 1090 2658 humana
1114 2616 1203 2657 mens
1226 2597 1331 2657 uincat

132 2703 154 2758 et
170 2699 193 2761 in
211 2701 449 2765 familiaritatem
472 2704 625 2783 perducat
648 2703 781 2764 adsidua
804 2703 978 2778 meditatio,
1009 2702 1145 2784 nullique
1166 2711 1237 2764 sunt
1260 2709 1326 2763 tam

109 2799 170 2864 lieri
192 2817 220 2871 et
247 2810 294 2870 sui
324 2809 397 2870 iuris
420 2807 577 2884 adlectus,
609 2818 731 2870 utnon
754 2807 916 2890 disciplina
943 2809 1179 2889 perdomentur.
1225 2808 1326 2888 quod-

134 2926 236 2996 cumque
274 2915 334 2976 sibi
374 2915 539 2996 imperauit
576 2916 698 2976 animus
737 2915 890 2996 optinuit:
940 2916 1069 2996 quidam
1107 2934 1147 2976 ne
1180 2906 1331 2994 umquam

133 3013 238 3085 riderent
266 3022 426 3083 consecuti
448 3029 529 3083 sunt.
575 3023 648 3083 uino
679 3022 822 3103 quidam,
854 3021 902 3083 alii
925 3021 1068 3096 Venere,
1092 3021 1221 3102 quidam
1244 3020 1331 3080 omni
1346 3040 1371 3078 25

133 3139 215 3189 umore
235 3127 427 3190 interdixere
450 3128 643 3208 corporibus.
683 3128 758 3190 alius
779 3136 945 3190 contentus
961 3128 1049 3189 breui
1064 3146 1178 3188 somno
1194 3125 1332 3207 uigiliam

134 3261 315 3276 ᾨ-

136 3344 245 3404 ldeterret
263 3354 334 3419 coci,
353 3353 405 3408 sed
422 3362 494 3406 terret
514 3355 542 3407 in
555 3355 686 3409 sententio
703 3353 830 3426 perierat·
847 3372 907 3409 oum
922 3355 1065 3426 plerisque
1084 3355 1158 3408 tenui
1168 3369 1332 3423 quamquam

136 3429 212 3494 Sorera
228 3444 314 3513 ipsius
333 3443 469 3513 conpositi
485 3443 687 3497 amaritissimns
706 3451 748 3497 est
818 3453 841 3494 et
861 3447 956 3509 petiam
975 3459 1116 3513 suprascr.
1137 3460 1170 3497 m.
1189 3458 1244 3498 rec.

135 3518 175 3574 tut
188 3540 300 3582 uenenato
319 3535 414 3582 bestiae
425 3534 555 3598 pestilerae
567 3550 650 3582 morsu
663 3531 758 3602 Haupt
766 3553 771 3583 :
792 3540 818 3582 ut
837 3550 932 3583 uenena
951 3539 974 3583 et
993 3550 1048 3583 ossa
1062 3534 1176 3598 pestifera
1195 3538 1219 3581 et
1237 3549 1331 3581 morsus

135 3606 190 3671 l⁰1⁸118
209 3619 233 3672 t'n
257 3621 326 3689 ras.)
413 3621 427 3672 ἵ)
453 3623 512 3671 linia
533 3623 550 3687 (i
570 3636 642 3675 corr.
662 3621 688 3674 t'n
708 3619 731 3690 e)
750 3624 836 3686 permis
855 3621 893 3688 (tlt
911 3637 998 3691 marp.
1018 3637 1052 3675 m.
1072 3624 1089 3672 4
1108 3637 1129 3673 c.
1149 3620 1247 3688 pannis)

106 3693 231 3785 deflectu
242 3707 270 3761 E
274 3711 299 3759 ²:
321 3711 409 3760 affectu
493 3709 617 3774 tredigit
635 3707 799 3763 Pincianus:
820 3711 915 3776 redegit
1000 3710 1118 3759 elefantos
1208 3702 1331 3761 9mben⁵

136 3782 282 3861 (stuprator.
302 3813 337 3849 m.
354 3797 410 3867 pr.)
483 3799 542 3864 pina
560 3796 611 3851 sed
627 3800 689 3864 pina
708 3814 742 3850 m.
755 3796 808 3851 atr.
888 3799 920 3851 13
941 3815 970 3848 ex
988 3815 1068 3847 rerum
1088 3804 1175 3847 natura
1193 3802 1332 3866 suspectat

139 3869 196 3932 Gertz
211 3899 258 3938 non
276 3887 336 3940 sine
354 3886 478 3939 ratione'
561 3888 658 3952 hiemps
762 3886 794 3940 16
814 3888 927 3937 uirtutem
947 3903 975 3936 ex
996 3888 1079 3936 animo
1099 3887 1172 3936 tollas
1191 3902 1264 3951 quam
1283 3887 1330 3933 ira-

137 3967 220 4020 endam
236 3972 304 4039 cod,
330 3973 426 4044 oripo,
445 3975 472 4046 in
491 3975 589 4044 quibus
606 3978 718 4025 uirtutem
743 3983 769 4028 et
786 3978 939 4026 iracundiam
960 3974 1129 4045 transposuit
1150 3971 1238 4038 Gertz,
1262 3973 1329 4036 inre,

136 4055 231 4113 ironiam
249 4062 286 4119 ita
305 4060 412 4116 demum
431 4054 563 4116 sententio
582 4063 659 4117 initio
680 4064 775 4134 capitis
791 4064 884 4134 posito
903 4063 1033 4127 uertitur,
1058 4069 1084 4116 et
1107 4069 1221 4132 propter
1245 4059 1330 4114 uerba

136 4148 172 4186 ”0¹¹
189 4153 267 4214 potest,
286 4153 372 4217 inquit,
396 4153 477 4201 omnis
495 4168 525 4202 ex
543 4154 627 4202 animo
646 4154 683 4201 ira
702 4153 755 4202 tolli
864 4152 898 4205 ‘20
923 4154 959 4201 ira
978 4152 1031 4201 tolli
1051 4150 1087 4216 (to
1106 4150 1133 4202 tn
1152 4150 1219 4216 ras.)

138 4218 161 4274 22
175 4235 253 4287 assidua
270 4239 359 4310 (prior
378 4257 389 4289 s
408 4240 491 4307 corr.)
565 4240 597 4293 23
618 4241 662 4290 feri
677 4253 690 4304 7
704 4242 741 4290 sui
761 4239 825 4307 (rin
845 4257 867 4296 e.
887 4246 910 4290 et
929 4240 957 4292 in
976 4239 1044 4306 ras.)
1118 4240 1217 4288 affectus
1237 4236 1334 4307 (prior

138 4309 219 4387 fron)
295 4328 328 4381 24
348 4330 453 4378 obtinuit
473 4329 500 4395 (b
521 4343 559 4382 θα*
577 4347 594 4394 p
613 4330 697 4396 corr.)
783 4330 815 4382 25
836 4345 924 4379 uenere
939 4327 1038 4397 pauci:
1059 4329 1141 4376 ueneri
1214 4329 1282 4377 omni
1300 4343 1326 4375 u·

140 4412 189 4453 nore
204 4408 340 4476 deteriores
359 4415 496 4470 nonnulli:
518 4419 570 4467 onii
589 4420 613 4467 in
633 4435 658 4468 re
677 4421 713 4485 (in
732 4435 757 4468 re
776 4433 847 4471 corr.
868 4418 895 4470 in
914 4417 981 4498 ros.)

1096 4505 1111 4556 5
